product_name,category,price,quantity_in_stock,quantity_sold,brand,rating,num_of_ratings,date_added,color,revenue
"iPad mini (2021) (64GB, Blue)",Tablets,499.0,266.0,807.0,Apple,8.75,151.0,2/2/2022,blue,402693.0
K55 RGB (Red),Keyboards,49.99,0.0,1117.0,Corsair,8.5,455.0,8/14/2022,red,55838.83
Fenix 7 (Purple),Watches,699.99,0.0,530.0,Garmin,9.2,305.0,4/20/2022,purple,370994.7
"Mate 40 (256GB, Orange)",Smartphones,899.0,182.0,1030.0,Huawei,8.5,500.0,10/23/2024,orange,925970.0
Rival 600 (Red),Mice,79.99,35.0,1439.0,SteelSeries,9.25,556.0,9/29/2020,red,115105.60999999999
Technic Bugatti Chiron (42083) (Gray),Toys,349.99,139.0,989.0,LEGO,9.2,177.0,7/28/2023,gray,346140.11
"MediaPad T5 (64GB, Brown)",Tablets,220.0,0.0,980.0,Huawei,7.8,541.0,2/6/2025,brown,215600.0
"Manchester United Home Jersey (Orange, M)",Clothing,90.0,425.0,933.0,Adidas,8.75,211.0,11/9/2022,orange,83970.0
Little People School Bus (White),Toys,15.99,0.0,786.0,Fisher-Price,8.75,55.0,3/12/2025,white,12568.14
"MatePad T10s (512GB, Yellow)",Tablets,250.0,19.0,702.0,Huawei,7.5,337.0,3/26/2021,yellow,175500.0
Sculpt Comfort Mouse (White),Mice,29.99,365.0,1005.0,Microsoft,8.5,326.0,10/3/2022,white,30139.949999999997
"Urbanite XL (Wired, White)",Headphones,79.99,447.0,882.0,Sennheiser,8.6,199.0,9/22/2023,red,70551.18
Natural Ergonomic Keyboard 4000 (Green),Keyboards,49.99,251.0,669.0,Microsoft,8.2,95.0,5/19/2024,green,33443.310000000005
"Workout Plus (Brown, EU 46)",Shoes,70.0,248.0,656.0,Reebok,8.5,7.0,2/26/2020,brown,45920.0
XEGS (White),Gaming Consoles,200.0,443.0,1067.0,Atari,6.5,561.0,3/22/2023,white,213400.0
Rival 3 (Blue),Mice,29.99,0.0,1128.0,SteelSeries,8.75,377.0,6/8/2020,blue,33828.72
BCI600XL Smart Scoop (Yellow),Kitchen,299.95,38.0,1148.0,Breville,8.75,439.0,8/15/2022,yellow,344342.6
Lancehead TE (Green),Mice,79.99,7.0,728.0,Razer,8.75,8.0,10/1/2023,green,58232.719999999994
G502 HERO (Red),Mice,49.99,20.0,1534.0,Logitech,9.25,630.0,4/29/2021,red,76684.66
Switch OLED (Red),Gaming Consoles,350.0,0.0,1544.0,Nintendo,9.2,152.0,5/14/2020,red,540400.0
"iPad Pro 11 (2018) (128GB, Purple)",Tablets,699.0,172.0,1266.0,Apple,8.5,698.0,4/30/2021,purple,884934.0
BlackWidow Elite (Blue),Keyboards,129.99,0.0,1066.0,Razer,8.75,346.0,5/9/2021,blue,138569.34
Laugh & Learn Smart Stages Chair (Gray),Toys,39.99,51.0,1068.0,Fisher-Price,8.5,401.0,8/3/2022,gray,42709.32
"65R635 (65"", Gray frame)",TVs,899.0,410.0,862.0,TCL,8.75,259.0,7/8/2023,gray,774938.0
Wii (Red),Gaming Consoles,150.0,0.0,1149.0,Nintendo,8.75,11.0,4/23/2022,red,172350.0
"Elite 65t (Wired, Gray)",Headphones,69.99,301.0,1351.0,Jabra,8.5,680.0,2/6/2023,red,94556.48999999999
Lark Manor End Table (White),Furniture,150.0,71.0,1010.0,Wayfair,7.8,564.0,3/26/2025,white,151500.0
"G3 15 (512GB, Gray)",Laptops,950.0,0.0,414.0,Dell,7.85,73.0,3/21/2020,gray,393300.0
"ExpertBook B9 (512GB, Gray)",Laptops,1700.0,0.0,490.0,Asus,8.7,39.0,7/18/2025,gray,833000.0
"1080v11 (Red, EU 39)",Shoes,160.0,490.0,878.0,New Balance,8.75,166.0,6/30/2020,red,140480.0
"Bravia X950H (55"", Orange frame)",TVs,1299.0,452.0,934.0,Sony,8.75,396.0,4/29/2021,orange,1213266.0
"Tiro 21 Track Pants (White, XL)",Clothing,45.0,298.0,1535.0,Adidas,8.8,761.0,2/1/2022,white,69075.0
All-in-One Media Keyboard (Gray),Keyboards,39.99,0.0,1059.0,Microsoft,8.2,485.0,3/29/2025,gray,42349.41
"P30 Pro (64GB, Brown)",Smartphones,499.0,312.0,901.0,Huawei,8.75,246.0,4/22/2021,brown,449599.0
"AirPods (1st generation) (Wireless, Orange)",Headphones,99.0,229.0,639.0,Apple,7.8,200.0,9/29/2025,orange,63261.0
Little People Caring for Animals Farm (Brown),Toys,44.99,0.0,929.0,Fisher-Price,9.3,46.0,9/24/2020,brown,41795.71
"ENVY 15 (256GB, Purple)",Laptops,899.0,89.0,994.0,HP,8.5,466.0,1/16/2024,purple,893606.0
K400 Plus (Blue),Keyboards,30.0,0.0,840.0,Logitech,8.5,169.0,7/2/2022,blue,25200.0
"ProBook 450 G7 (128GB, Green)",Laptops,750.0,0.0,1113.0,HP,8.25,625.0,1/23/2022,green,834750.0
"Originals Trefoil Hoodie (Blue, M)",Clothing,60.0,432.0,657.0,Adidas,8.5,5.0,11/23/2022,blue,39420.0
Poäng Armchair (Black),Furniture,89.0,30.0,1044.0,IKEA,8.27,451.0,7/19/2025,black,92916.0
Tech Deck (Purple),Toys,15.99,298.0,1389.0,Spin Master,8.75,638.0,9/3/2022,purple,22210.11
"MDR-1AM2 (Wired, Blue)",Headphones,249.99,289.0,1432.0,Sony,8.75,721.0,11/6/2024,red,357985.68
K68 RGB (Black),Keyboards,85.0,109.0,1441.0,Corsair,8.75,705.0,6/30/2022,black,122485.0
Juice Fountain Elite (Red),Kitchen,299.95,351.0,1013.0,Breville,9.2,209.0,1/29/2021,red,303849.35
"Sportswear Club Fleece Joggers (Gray, XL)",Clothing,55.0,0.0,824.0,Nike,8.75,106.0,9/17/2023,gray,45320.0
Cold Brew Coffee Maker (Red),Kitchen,79.99,240.0,993.0,KitchenAid,8.6,299.0,1/2/2023,red,79430.06999999999
Gear S3 Frontier (Green),Watches,199.99,275.0,690.0,Samsung,8.75,646.0,5/19/2020,green,137993.1
KSB1570ER 5-Speed Blender (Blue),Kitchen,99.99,150.0,1366.0,KitchenAid,8.75,626.0,5/7/2021,blue,136586.34
"Move Style Edition (Wireless, Brown)",Headphones,99.99,1.0,1335.0,Jabra,8.3,731.0,9/15/2022,brown,133486.65
"Surface Pro 9 (256GB, Purple)",Tablets,999.0,151.0,1070.0,Microsoft,8.75,456.0,9/28/2021,purple,1068930.0
"RU7100 (75"", Blue frame)",TVs,1199.0,277.0,1254.0,Samsung,8.5,766.0,3/12/2023,blue,1503546.0
Watch Series 2 (Red),Watches,369.0,435.0,502.0,Apple,8.75,307.0,12/3/2022,red,185238.0
"Surface Pro 7 (64GB, Black)",Tablets,749.0,480.0,1283.0,Microsoft,8.6,688.0,4/23/2021,black,960967.0
"Essentials Hoodie (Green, L)",Clothing,75.0,124.0,1012.0,Adidas,8.5,360.0,1/9/2021,green,75900.0
Draycoll Recliner (Blue),Furniture,450.0,245.0,1030.0,Ashley Furniture,8.75,350.0,6/13/2021,blue,463500.0
Switch OLED (Purple),Gaming Consoles,349.99,406.0,1203.0,Nintendo,8.75,73.0,5/11/2022,purple,421037.97000000003
Genesis Mini (Black),Gaming Consoles,79.99,145.0,1085.0,Sega,8.5,31.0,11/2/2023,black,86789.15
Air Fryer XXL (Orange),Kitchen,249.99,0.0,940.0,Philips,8.75,240.0,8/11/2024,orange,234990.6
G Pro Mechanical (Red),Keyboards,129.99,279.0,1085.0,Logitech,8.75,359.0,9/24/2022,red,141039.15000000002
"Zig Kinetica (Brown, EU 46)",Shoes,120.0,0.0,1160.0,Reebok,8.5,485.0,1/25/2025,brown,139200.0
"Galaxy Note10 (1TB, Black)",Smartphones,1299.99,206.0,858.0,Samsung,8.75,325.0,1/10/2023,black,1115391.42
Apex 100 (Brown),Keyboards,49.99,399.0,618.0,SteelSeries,7.85,144.0,7/30/2025,brown,30893.82
"Jersey Dress (Blue, XS)",Clothing,19.99,81.0,1133.0,H&M,8.45,470.0,3/16/2022,blue,22648.67
"OLED B1 (75"", Black frame)",TVs,2499.0,0.0,427.0,LG,8.75,85.0,2/13/2023,black,1067073.0
Ektorp Sofa (Gray),Furniture,499.0,0.0,686.0,IKEA,8.5,94.0,2/19/2025,gray,342314.0
Forerunner 245 (Red),Watches,299.99,293.0,356.0,Garmin,8.75,28.0,5/10/2023,red,106796.44
"Latitude 7400 (64GB, Green)",Laptops,1500.0,259.0,982.0,Dell,8.5,517.0,5/10/2021,green,1473000.0
"PXC 550 (Wired, Red)",Headphones,249.99,278.0,921.0,Sennheiser,8.75,234.0,2/7/2022,red,230240.79
"QuietComfort 35 II (Wireless, Black)",Headphones,299.0,147.0,1530.0,Bose,9.3,661.0,7/4/2020,black,457470.0
Paw Patrol Mighty Lookout Tower (White),Toys,129.99,276.0,823.0,Spin Master,8.75,111.0,9/12/2020,white,106981.77
"Iso-Chill Shorts (Black, L)",Clothing,40.0,0.0,854.0,Under Armour,8.25,275.0,7/8/2023,black,34160.0
Smart Screen Blender (Green),Kitchen,149.99,466.0,1208.0,Ninja,8.75,468.0,11/3/2022,green,181187.92
Rock-a-Stack (Purple),Toys,9.99,498.0,1360.0,Fisher-Price,8.75,610.0,5/28/2023,purple,13586.4
Galaxy Watch 5 (White),Watches,279.99,318.0,534.0,Samsung,8.75,370.0,7/2/2020,white,149514.66
"Blazer Mid '77 (White, EU 44)",Shoes,100.0,466.0,1476.0,Nike,8.65,756.0,12/14/2021,white,147600.0
"Air Zoom Pegasus 38 (Blue, EU 44)",Shoes,120.0,110.0,1129.0,Nike,9.2,293.0,12/31/2022,blue,135480.0
"ROG Strix Scar 15 (256GB, Black)",Laptops,2000.0,498.0,1008.0,Asus,8.5,631.0,7/14/2022,black,2016000.0
XEGS (Brown),Gaming Consoles,150.0,0.0,1189.0,Atari,7.5,367.0,12/29/2023,brown,178350.0
HD2137 Pressure Cooker (Red),Kitchen,80.0,115.0,1365.0,Philips,8.75,622.0,3/6/2023,red,109200.0
"8T (64GB, Yellow)",Smartphones,449.0,215.0,1263.0,OnePlus,8.75,594.0,10/15/2022,yellow,567087.0
"Fresh Foam 1080 (Red, EU 44)",Shoes,160.0,0.0,1004.0,New Balance,9.2,170.0,1/10/2025,red,160640.0
Darcy Sofa (Black),Furniture,450.0,247.0,1089.0,Ashley Furniture,8.75,398.0,10/11/2025,black,490050.0
"MatePad Pro 12.6 (128GB, White)",Tablets,700.0,75.0,1379.0,Huawei,8.5,772.0,4/14/2021,white,965300.0
The Grind Control (Green),Kitchen,299.95,0.0,1023.0,Breville,8.75,330.0,10/20/2024,green,306848.85
Andover Mills Bookcase (Black),Furniture,120.0,0.0,768.0,Wayfair,8.2,219.0,4/30/2025,black,92160.0
Strafe RGB MK.2 (Yellow),Keyboards,150.0,0.0,980.0,Corsair,8.7,279.0,6/12/2021,yellow,147000.0
Mercury Row Merwin TV Stand (Red),Furniture,250.0,388.0,913.0,Wayfair,8.25,350.0,4/9/2022,red,228250.0
Barista Express (Gray),Kitchen,699.95,0.0,1522.0,Breville,9.12,757.0,12/15/2020,gray,1065323.9000000001
M720 Triathlon (Purple),Mice,49.99,0.0,1281.0,Logitech,8.75,538.0,3/5/2022,purple,64037.19
Pro Type Ultra (Red),Keyboards,179.99,243.0,1145.0,Razer,8.75,415.0,8/21/2020,red,206088.55000000002
Cannery Bridge Storage Chest (Green),Furniture,179.99,0.0,1390.0,Sauder,8.25,810.0,4/16/2023,green,250186.1
"Disc Blaze (Orange, EU 39)",Shoes,120.0,474.0,1049.0,Puma,8.5,402.0,3/30/2025,orange,125880.0
"Evolve2 65 (Wired, Purple)",Headphones,180.0,0.0,820.0,Jabra,8.5,173.0,12/28/2024,red,147600.0
"Alphaskin Tights (Black, XL)",Clothing,45.0,146.0,1373.0,Adidas,8.75,634.0,1/26/2021,black,61785.0
"Tiro 21 Track Pants (Yellow, XXL)",Clothing,50.0,263.0,1422.0,Adidas,8.75,705.0,6/11/2020,yellow,71100.0
PlayStation Classic (Blue),Gaming Consoles,59.99,0.0,658.0,Sony,7.5,44.0,2/14/2023,blue,39473.42
"Gazelle (Orange, EU 44)",Shoes,100.0,465.0,894.0,Adidas,8.75,175.0,10/10/2022,orange,89400.0
Flashback Portable (Brown),Gaming Consoles,59.99,35.0,1107.0,Atari,8.0,174.0,3/25/2022,brown,66408.93000000001
"6 (1TB, Black)",Smartphones,599.0,294.0,888.0,OnePlus,8.5,322.0,4/11/2023,black,531912.0
Air Hogs Super Soft (Purple),Toys,29.99,86.0,1423.0,Spin Master,8.45,743.0,3/23/2023,purple,42675.77
Pico (Yellow),Gaming Consoles,80.0,467.0,1725.0,Sega,7.5,687.0,7/8/2020,yellow,138000.0
PlayStation 3 (Black),Gaming Consoles,150.0,0.0,1914.0,Sony,8.5,526.0,8/3/2021,black,287100.0
Operation (Gray),Toys,19.99,0.0,1414.0,Hasbro,8.75,644.0,8/22/2022,gray,28265.859999999997
"Mi 10 (64GB, Orange)",Smartphones,299.0,391.0,842.0,Xiaomi,8.7,168.0,10/30/2023,orange,251758.0
"70PUS6724 (65"", Brown frame)",TVs,700.0,0.0,1038.0,Philips,8.25,537.0,11/15/2025,brown,726600.0
Wade Logan Dining Table (White),Furniture,450.0,425.0,1317.0,Wayfair,8.7,645.0,2/14/2021,white,592650.0
G-Shock Rangeman (Brown),Watches,300.0,0.0,729.0,Casio,8.75,738.0,12/18/2024,brown,218700.0
Spiralizer Attachment (Yellow),Kitchen,89.99,129.0,1478.0,KitchenAid,8.75,713.0,1/30/2023,yellow,133005.22
Hemnes TV Bench (Yellow),Furniture,149.0,0.0,1160.0,IKEA,8.25,587.0,2/25/2024,yellow,172840.0
Rainforest Jumperoo (Green),Toys,109.99,62.0,1376.0,Fisher-Price,8.75,633.0,10/26/2023,green,151346.24
Duo Crisp + Air Fryer (Gray),Kitchen,149.99,328.0,896.0,Instant Pot,9.2,64.0,6/12/2024,gray,134391.04
"iPad Pro 11 (2018) (128GB, Green)",Tablets,649.0,0.0,1326.0,Apple,9.2,556.0,11/15/2020,green,860574.0
"Beats Solo3 (Wired, Yellow)",Headphones,99.0,483.0,1404.0,Apple,8.5,721.0,9/14/2022,red,138996.0
Etch A Sketch (Yellow),Toys,15.99,461.0,1389.0,Spin Master,8.5,713.0,9/30/2025,yellow,22210.11
Arc Mouse (Green),Mice,79.99,0.0,1002.0,Microsoft,8.5,337.0,12/28/2025,green,80149.98
"Elite 45h (Wireless, Green)",Headphones,99.99,102.0,763.0,Jabra,8.75,42.0,4/6/2020,green,76292.37
Scrabble (Blue),Toys,19.99,0.0,1223.0,Mattel,8.75,483.0,2/17/2022,blue,24447.769999999997
Strafe RGB MK.2 (White),Keyboards,129.99,67.0,1098.0,Corsair,8.75,360.0,4/27/2023,white,142729.02000000002
"QLED Q70A (75"", Brown frame)",TVs,1699.99,0.0,643.0,Samsung,8.75,174.0,6/1/2020,brown,1093093.57
"Own the Run Tee (Green, XXL)",Clothing,35.0,0.0,878.0,Adidas,8.75,147.0,11/14/2023,green,30730.0
Charge 5 (Blue),Watches,149.95,,700.0,Fitbit,8.75,694.0,9/20/2020,blue,104964.99999999999
"Basket (Brown, EU 39)",Shoes,75.0,0.0,1361.0,Puma,8.5,691.0,4/4/2020,brown,102075.0
Galaxy Watch 5 (Black),Watches,279.99,12.0,455.0,Samsung,8.75,216.0,12/29/2023,black,127395.45
"MDR-7506 (Wired, Brown)",Headphones,100.0,236.0,976.0,Sony,9.25,115.0,12/13/2023,red,97600.0
K60 RGB Pro (Yellow),Keyboards,70.0,0.0,1124.0,Corsair,8.5,457.0,12/25/2024,yellow,78680.0
Lark Manor End Table (Yellow),Furniture,150.0,233.0,1472.0,Wayfair,8.75,728.0,12/9/2023,yellow,220800.0
"iPhone X (256GB, Orange)",Smartphones,749.0,0.0,1149.0,Apple,8.5,579.0,4/18/2021,orange,860601.0
"VivoBook 15 X512 (256GB, Brown)",Laptops,500.0,288.0,1339.0,Asus,8.5,742.0,1/10/2020,brown,669500.0
USB Mouse (Black),Mice,29.99,241.0,1074.0,Apple,8.75,334.0,6/21/2021,black,32209.26
Mamba Elite (Purple),Mice,89.99,256.0,1010.0,Razer,8.75,284.0,6/10/2025,purple,90889.9
"UA Rush T-Shirt (Yellow, L)",Clothing,35.0,446.0,1086.0,Under Armour,8.5,416.0,2/15/2020,yellow,38010.0
"MacBook Pro 14 (2021) (1TB, White)",Laptops,2299.0,216.0,1181.0,Apple,9.2,687.0,6/22/2023,white,2715119.0
Havalance Coffee Table (Purple),Furniture,299.99,474.0,998.0,Ashley Furniture,8.25,429.0,12/18/2024,purple,299390.02
"SoundLink Around-Ear II (Wireless, Black)",Headphones,229.0,26.0,1288.0,Bose,8.75,586.0,11/14/2024,black,294952.0
"Inspiron 14 5000 (128GB, Green)",Laptops,600.0,0.0,835.0,Dell,8.3,315.0,11/8/2024,green,501000.0
"Pro Tights (Green, L)",Clothing,65.0,351.0,1452.0,Nike,8.75,728.0,11/13/2022,green,94380.0
"Alphabounce (Black, EU 46)",Shoes,120.0,260.0,831.0,Adidas,8.5,184.0,10/12/2024,black,99720.0
Duo 7-in-1 (Green),Kitchen,99.99,56.0,1006.0,Instant Pot,8.5,350.0,7/13/2021,green,100589.93999999999
"Armour Fleece Pants (Red, XS)",Clothing,45.0,418.0,1148.0,Under Armour,8.5,475.0,3/31/2020,red,51660.0
"Ultraboost 21 (Brown, EU 39)",Shoes,180.0,466.0,1177.0,Adidas,8.75,461.0,12/8/2021,brown,211860.0
"Move Style Edition (Wireless, Green)",Headphones,99.99,144.0,654.0,Jabra,8.5,9.0,5/6/2021,green,65393.46
Darcy Sofa (Black),Furniture,450.0,247.0,1089.0,Ashley Furniture,8.75,403.0,10/11/2025,black,490050.0
Gear Fit2 Pro (Green),Watches,130.0,71.0,492.0,Samsung,8.35,376.0,3/23/2023,green,63960.0
Prime Wireless (Brown),Mice,139.99,309.0,1434.0,SteelSeries,8.75,689.0,11/23/2025,brown,200745.66
"MacBook Air M2 (2022) (512GB, Brown)",Laptops,1349.0,0.0,1061.0,Apple,9.25,392.0,10/5/2020,brown,1431289.0
G-Shock Rangeman (Green),Watches,300.0,425.0,579.0,Casio,8.75,463.0,12/8/2020,green,173700.0
Monster High Doll (Brown),Toys,25.99,297.0,1220.0,Mattel,7.8,733.0,7/15/2023,brown,31707.8
"50PUS7506 (50"", Orange frame)",TVs,450.0,40.0,843.0,Philips,7.8,413.0,3/6/2022,orange,379350.0
"TU8000 (50"", Brown frame)",TVs,400.0,7.0,1220.0,Samsung,8.5,618.0,6/10/2025,brown,488000.0
"LinkBuds S (Wired, White)",Headphones,79.99,490.0,1286.0,Sony,8.45,603.0,1/18/2022,red,102867.14
Cottage Road Coffee Table (Orange),Furniture,139.99,164.0,1031.0,Sauder,8.2,456.0,9/1/2023,orange,144329.69
K70 Pro Mini Wireless (Orange),Keyboards,179.99,61.0,872.0,Corsair,8.75,157.0,9/20/2024,orange,156951.28
"Ignite (Purple, EU 46)",Shoes,100.0,0.0,1374.0,Puma,8.75,637.0,6/30/2024,purple,137400.0
Forerunner 245 (Purple),Watches,299.99,390.0,412.0,Garmin,8.75,133.0,12/21/2022,purple,123595.88
Venu (Purple),Watches,349.99,274.0,538.0,Garmin,8.75,389.0,7/26/2020,purple,188294.62
Pro IntelliMouse (Gray),Mice,59.99,115.0,1388.0,Microsoft,8.75,655.0,7/7/2020,gray,83266.12000000001
"75R635 (43"", Gray frame)",TVs,499.0,4.0,655.0,TCL,8.5,71.0,1/4/2021,gray,326845.0
"50PUS7506 (43"", Gray frame)",TVs,350.0,30.0,627.0,Philips,8.2,100.0,12/22/2024,gray,219450.0
"XPS 17 (9700) (1TB, Black)",Laptops,2500.0,189.0,468.0,Dell,8.5,180.0,3/9/2024,black,1170000.0
G613 Wireless (Brown),Keyboards,100.0,404.0,892.0,Logitech,8.75,175.0,3/1/2022,brown,89200.0
"SB Icon Hoodie (Blue, XL)",Clothing,80.0,119.0,1068.0,Nike,8.75,334.0,7/26/2023,blue,85440.0
PlayStation 1 (Red),Gaming Consoles,80.0,229.0,1334.0,Sony,8.5,178.0,3/9/2021,red,106720.0
"Tab P11 (256GB, White)",Tablets,300.0,341.0,1206.0,Lenovo,8.5,572.0,10/24/2024,white,361800.0
"Air Zoom Pegasus 38 (White, EU 46)",Shoes,120.0,73.0,1522.0,Nike,8.75,767.0,10/8/2023,white,182640.0
"Tech Shorts (Purple, M)",Clothing,35.0,204.0,1128.0,Under Armour,8.7,393.0,5/31/2023,purple,39480.0
"HD 800S (Wireless, Purple)",Headphones,1699.0,0.0,839.0,Sennheiser,9.3,206.0,2/21/2025,purple,1425461.0
Baby-G BA110 (Blue),Watches,120.0,365.0,764.0,Casio,8.75,774.0,2/16/2023,blue,91680.0
"Galaxy Note20 (512GB, Purple)",Smartphones,1299.99,0.0,1167.0,Samsung,8.75,625.0,10/24/2024,purple,1517088.33
Flashback Portable (Red),Gaming Consoles,59.99,45.0,1536.0,Atari,7.5,565.0,9/1/2025,red,92144.64
"Basic Hoodie (Yellow, XS)",Clothing,24.99,0.0,796.0,H&M,8.5,139.0,12/9/2025,yellow,19892.039999999997
"Air Max 90 (Blue, EU 40)",Shoes,130.0,0.0,774.0,Nike,8.75,67.0,12/22/2022,blue,100620.0
"WH-1000XM4 (Wireless, Orange)",Headphones,348.0,27.0,1665.0,Sony,9.5,742.0,6/15/2025,orange,579420.0
DeathAdder Essential (Purple),Mice,49.99,111.0,679.0,Razer,8.5,25.0,9/2/2024,purple,33943.21
"Alphaskin Tights (Brown, XS)",Clothing,35.0,195.0,1209.0,Adidas,8.5,523.0,12/29/2021,brown,42315.0
Modern Keyboard with Fingerprint ID (Red),Keyboards,129.99,0.0,918.0,Microsoft,8.5,270.0,11/11/2021,red,119330.82
"MediaPad T5 (512GB, Yellow)",Tablets,280.0,59.0,931.0,Huawei,8.2,390.0,8/6/2023,yellow,260680.0
"WF-C500 (Wireless, Orange)",Headphones,79.99,0.0,1382.0,Sony,8.6,679.0,11/18/2021,orange,110546.18
"Suede Classic (Yellow, EU 39)",Shoes,70.0,138.0,637.0,Puma,8.45,2.0,8/12/2023,yellow,44590.0
Transformers Bumblebee (Blue),Toys,24.99,0.0,1395.0,Hasbro,8.75,654.0,1/9/2025,blue,34861.049999999996
"4-Series 55S435 (65"", Brown frame)",TVs,450.0,0.0,915.0,TCL,8.25,406.0,10/20/2025,brown,411750.0
Laugh & Learn Smart Stages Puppy (Brown),Toys,24.99,128.0,1307.0,Fisher-Price,8.75,545.0,8/6/2025,brown,32661.929999999997
"RS-X3 (Red, EU 42)",Shoes,110.0,128.0,932.0,Puma,8.5,282.0,12/23/2025,red,102520.0
Wade Logan Dining Table (Purple),Furniture,350.0,0.0,901.0,Wayfair,8.0,437.0,4/25/2020,purple,315350.0
PlayStation 4 (Gray),Gaming Consoles,299.99,355.0,1504.0,Sony,8.5,302.0,5/22/2024,gray,451184.96
"MediaPad T5 (512GB, Purple)",Tablets,300.0,0.0,1055.0,Huawei,7.5,702.0,4/14/2025,purple,316500.0
"6T (512GB, Green)",Smartphones,499.0,0.0,1364.0,OnePlus,8.5,744.0,2/22/2020,green,680636.0
"Galaxy Tab S4 (256GB, Purple)",Tablets,750.0,77.0,1312.0,Samsung,8.5,746.0,3/19/2023,purple,984000.0
"Beats Solo3 (Wired, White)",Headphones,150.0,178.0,1052.0,Apple,8.75,329.0,5/4/2021,red,157800.0
"Cortez (Blue, EU 44)",Shoes,100.0,342.0,770.0,Nike,8.75,51.0,7/10/2022,blue,77000.0
Modern Keyboard with Fingerprint ID (Purple),Keyboards,129.99,381.0,768.0,Microsoft,8.5,126.0,5/3/2022,purple,99832.32
"iPad mini (2021) (512GB, White)",Tablets,749.0,0.0,888.0,Apple,8.75,260.0,1/31/2021,white,665112.0
"Galaxy Note10 (64GB, Green)",Smartphones,750.0,0.0,917.0,Samsung,8.75,292.0,12/17/2024,green,687750.0
"Elite 45h (Wireless, Blue)",Headphones,99.99,182.0,1248.0,Jabra,8.7,526.0,5/8/2022,blue,124787.51999999999
"Galaxy Note10 (1TB, Yellow)",Smartphones,1399.0,0.0,1228.0,Samsung,8.75,702.0,12/21/2023,yellow,1717972.0
Xbox Series X (Black),Gaming Consoles,499.99,0.0,1811.0,Microsoft,9.2,339.0,2/27/2020,black,905481.89
Cynosa Chroma (Green),Keyboards,59.99,414.0,1025.0,Razer,8.5,352.0,2/16/2023,green,61489.75
Masters of the Universe He-Man (Red),Toys,24.99,0.0,1300.0,Mattel,8.75,559.0,3/18/2020,red,32486.999999999996
"NMD R1 (Blue, EU 39)",Shoes,140.0,308.0,756.0,Adidas,8.5,112.0,10/31/2023,blue,105840.0
Shoal Creek Dresser (Purple),Furniture,250.0,348.0,1166.0,Sauder,8.25,587.0,9/10/2020,purple,291500.0
"55OLED806 (50"", Orange frame)",TVs,1200.0,172.0,510.0,Philips,8.5,35.0,10/25/2023,orange,612000.0
"HD 450BT (Wired, Purple)",Headphones,99.95,73.0,1468.0,Sennheiser,8.5,804.0,1/6/2020,red,146726.6
Sense (Orange),Watches,99.95,0.0,561.0,Fitbit,8.75,376.0,4/26/2023,orange,56071.950000000004
"ENVY 13 (1TB, Orange)",Laptops,1150.0,356.0,1231.0,HP,8.4,762.0,10/22/2023,orange,1415650.0
Approach S62 (Gray),Watches,499.99,0.0,576.0,Garmin,8.75,474.0,6/4/2020,gray,287994.24
"Surface Go 3 (1TB, Red)",Tablets,799.0,0.0,691.0,Microsoft,8.2,229.0,4/15/2023,red,552109.0
Pro IntelliMouse (Brown),Mice,59.99,367.0,1281.0,Microsoft,8.5,600.0,7/23/2020,brown,76847.19
WWE Action Figure (Yellow),Toys,19.99,0.0,1128.0,Mattel,8.5,441.0,8/19/2022,yellow,22548.719999999998
Smart WiFi (Yellow),Kitchen,130.0,0.0,935.0,Instant Pot,8.75,201.0,8/7/2021,yellow,121550.0
Xbox Series X (White),Gaming Consoles,499.99,447.0,2352.0,Microsoft,8.75,784.0,8/10/2021,white,1175976.48
"OLED B1 (50"", Green frame)",TVs,1300.0,5.0,1213.0,LG,8.4,751.0,7/17/2023,green,1576900.0
Rubik's Cube (White),Toys,12.99,437.0,1104.0,Spin Master,8.5,427.0,1/9/2025,white,14340.960000000001
"Ultraboost 21 (Purple, EU 46)",Shoes,180.0,39.0,944.0,Adidas,8.75,218.0,7/14/2022,purple,169920.0
"EliteBook 840 G6 (64GB, Purple)",Laptops,1200.0,0.0,1358.0,HP,8.75,802.0,6/5/2021,purple,1629600.0
"Rox Wireless (Wireless, Orange)",Headphones,80.0,461.0,1148.0,Jabra,8.5,483.0,1/7/2023,orange,91840.0
"HD 800S (Wireless, Orange)",Headphones,1699.95,0.0,988.0,Sennheiser,9.2,377.0,6/30/2021,orange,1679550.6
Galaxy Watch 4 Classic (Blue),Watches,299.0,334.0,644.0,Samsung,8.5,653.0,7/22/2025,blue,192556.0
Watch Series 7 (Gray),Watches,399.0,0.0,419.0,Apple,8.5,223.0,7/8/2024,gray,167181.0
"MacBook Air (2017) (1TB, Purple)",Laptops,450.0,208.0,542.0,Apple,8.0,96.0,5/11/2022,purple,243900.0
Billy Bookcase (White),Furniture,79.99,0.0,1110.0,IKEA,8.7,393.0,6/28/2024,white,88788.9
"513 Slim Straight (Yellow, XXL)",Clothing,69.99,0.0,927.0,Levi's,8.3,303.0,7/17/2020,yellow,64880.729999999996
"MediaPad M6 (64GB, Green)",Tablets,280.0,82.0,1193.0,Huawei,8.5,551.0,5/31/2023,green,334040.0
"Galaxy Tab S4 (64GB, White)",Tablets,350.0,37.0,821.0,Samsung,8.5,211.0,3/29/2023,white,287350.0
Foodi Smoothie Bowl Maker (Blue),Kitchen,119.99,0.0,900.0,Ninja,9.2,51.0,12/16/2021,blue,107991.0
Sensei Ten (Blue),Mice,69.99,111.0,897.0,SteelSeries,8.75,163.0,5/13/2024,blue,62781.03
Digital Media Keyboard 3000 (Red),Keyboards,39.99,340.0,1393.0,Microsoft,8.5,713.0,2/28/2024,red,55706.07
Vivoactive 4 (Black),Watches,249.99,279.0,524.0,Garmin,8.6,386.0,7/18/2023,black,130994.76000000001
Apex 3 (Brown),Keyboards,49.99,75.0,1473.0,SteelSeries,8.75,727.0,1/12/2025,brown,73635.27
Galaxy Watch Active (White),Watches,199.99,0.0,334.0,Samsung,8.5,35.0,1/4/2022,white,66796.66
"8 (1TB, Green)",Smartphones,699.0,0.0,1350.0,OnePlus,8.5,781.0,4/18/2022,green,943650.0
Nerf Elite 2.0 (Red),Toys,19.99,0.0,1025.0,Hasbro,8.75,288.0,6/28/2025,red,20489.75
Kinect (Green),Gaming Consoles,129.99,0.0,1272.0,Microsoft,7.85,324.0,3/6/2021,green,165347.28
City Police Station (60141) (Yellow),Toys,99.99,0.0,1015.0,LEGO,8.65,320.0,4/21/2025,yellow,101489.84999999999
"70PUS6724 (65"", Black frame)",TVs,700.0,0.0,654.0,Philips,8.5,94.0,11/30/2020,black,457800.0
"6-Series R648 (8K) (55"", Red frame)",TVs,999.0,392.0,846.0,TCL,8.25,412.0,11/12/2024,red,845154.0
Flashback 8 (Gray),Gaming Consoles,59.99,93.0,1536.0,Atari,8.5,284.0,7/8/2025,gray,92144.64
Saturn (Yellow),Gaming Consoles,150.0,0.0,1797.0,Sega,7.5,756.0,2/5/2020,yellow,269550.0
Greyleigh Coffee Table (Brown),Furniture,250.0,0.0,1257.0,Wayfair,8.45,626.0,4/24/2022,brown,314250.0
"iPad Pro 11 (2018) (1TB, Blue)",Tablets,999.0,35.0,1064.0,Apple,8.7,496.0,2/21/2025,blue,1062936.0
"Court Victory Skirt (Gray, XS)",Clothing,60.0,76.0,696.0,Nike,8.5,44.0,7/27/2020,gray,41760.0
"Sport Earbuds (Wired, Purple)",Headphones,49.99,453.0,1291.0,Bose,8.75,551.0,9/13/2022,red,64537.090000000004
"RC Elite (Orange, EU 46)",Shoes,225.0,0.0,1523.0,New Balance,8.75,796.0,8/11/2024,orange,342675.0
"VivoBook S15 (512GB, Red)",Laptops,749.0,316.0,1128.0,Asus,8.3,634.0,5/29/2023,red,844872.0
Enchantimals Doll (Green),Toys,9.99,0.0,850.0,Mattel,8.25,249.0,2/13/2020,green,8491.5
Lancehead TE (Blue),Mice,79.99,254.0,1242.0,Razer,8.5,586.0,8/16/2025,blue,99347.57999999999
Lynx (Yellow),Gaming Consoles,150.0,408.0,1355.0,Atari,7.5,471.0,9/5/2022,yellow,203250.0
"Yoga 9i (1TB, Purple)",Laptops,1600.0,0.0,636.0,Lenovo,8.5,235.0,4/18/2024,purple,1017600.0
Transformers Bumblebee (Purple),Toys,24.99,95.0,684.0,Hasbro,8.5,27.0,1/4/2024,purple,17093.16
"iPad Air (2019) (256GB, Orange)",Tablets,549.0,24.0,674.0,Apple,8.7,43.0,1/24/2021,orange,370026.0
"MacBook Pro 13 (2020) (128GB, Purple)",Laptops,1299.0,270.0,998.0,Apple,8.5,493.0,12/21/2022,purple,1296402.0
Hatchimals CollEGGtibles (Blue),Toys,9.99,423.0,879.0,Spin Master,8.2,288.0,5/28/2024,blue,8781.210000000001
Baby-G BA110 (White),Watches,120.0,327.0,527.0,Casio,8.5,406.0,12/24/2024,white,63240.0
Wireless Mobile Mouse 1850 (White),Mice,14.99,231.0,859.0,Microsoft,8.5,188.0,12/2/2025,white,12876.41
"Floatride Run (Gray, EU 46)",Shoes,130.0,0.0,1081.0,Reebok,8.45,433.0,11/9/2020,gray,140530.0
"Air Max 270 (Gray, EU 39)",Shoes,150.0,176.0,1464.0,Nike,8.75,709.0,12/25/2020,gray,219600.0
Duo Crisp + Air Fryer (Brown),Kitchen,169.0,0.0,1446.0,Instant Pot,8.75,715.0,12/22/2021,brown,244374.0
Magic Trackpad (Green),Mice,129.0,230.0,1045.0,Apple,9.2,201.0,8/31/2022,green,134805.0
Kinect (Gray),Gaming Consoles,99.99,324.0,958.0,Microsoft,7.85,126.0,10/31/2023,gray,95790.42
"Pro HyperWarm Top (Yellow, S)",Clothing,75.0,244.0,1444.0,Nike,8.5,774.0,12/13/2024,yellow,108300.0
"MacBook Pro 16 (2021) (64GB, Green)",Laptops,4099.0,0.0,852.0,Apple,9.5,530.0,7/15/2021,green,3492348.0
"P20 (256GB, Blue)",Smartphones,399.0,324.0,662.0,Huawei,8.2,151.0,8/2/2024,blue,264138.0
"Galaxy Tab S6 (512GB, Gray)",Tablets,729.99,34.0,1255.0,Samsung,8.7,633.0,8/22/2025,gray,916137.45
"Instapump Fury (Black, EU 46)",Shoes,180.0,0.0,946.0,Reebok,8.5,314.0,8/10/2023,black,170280.0
"Galaxy S10 (512GB, Orange)",Smartphones,749.0,0.0,1287.0,Samsung,8.5,730.0,11/23/2022,orange,963963.0
"QNED MiniLED 90 (55"", Black frame)",TVs,999.99,443.0,1317.0,LG,8.75,705.0,12/14/2020,black,1316986.83
Alenya Sofa (Green),Furniture,550.0,144.0,1255.0,Ashley Furniture,8.25,756.0,5/15/2022,green,690250.0
"Inspiron 14 5000 (256GB, Gray)",Laptops,599.0,0.0,621.0,Dell,8.5,52.0,12/29/2025,gray,371979.0
"Yoga Smart Tab (1TB, Purple)",Tablets,299.99,433.0,1262.0,Lenovo,8.5,612.0,1/21/2021,purple,378587.38
"Q950TS 8K QLED (55"", White frame)",TVs,2499.0,0.0,952.0,Samsung,8.5,653.0,6/18/2023,white,2379048.0
"Galaxy S22 (1TB, Red)",Smartphones,1199.0,0.0,926.0,Samsung,8.75,380.0,2/11/2022,red,1110274.0
"Rox Wireless (Wireless, White)",Headphones,99.99,0.0,1152.0,Jabra,8.5,509.0,9/10/2022,white,115188.48
Cardinal Games Chess (White),Toys,20.0,41.0,1350.0,Spin Master,8.5,664.0,1/11/2020,white,27000.0
"Essentials Hoodie (White, S)",Clothing,70.0,211.0,1282.0,Adidas,8.5,601.0,10/2/2021,white,89740.0
Ebern Designs Convertible Sofa (Black),Furniture,320.0,171.0,1195.0,Wayfair,7.8,754.0,4/1/2020,black,382400.0
G-Shock DW5600 (Green),Watches,99.0,0.0,413.0,Casio,8.75,99.0,9/5/2020,green,40887.0
"ThinkPad X12 Detachable (512GB, White)",Tablets,1400.0,254.0,432.0,Lenovo,8.2,75.0,9/27/2025,white,604800.0
Pro Type Ultra (Brown),Keyboards,199.99,0.0,978.0,Razer,8.75,256.0,7/29/2021,brown,195590.22
"Surface Pro 7 (1TB, Gray)",Tablets,1599.0,0.0,845.0,Microsoft,8.5,413.0,2/6/2021,gray,1351155.0
Huntsman Mini (Yellow),Keyboards,129.99,382.0,841.0,Razer,8.5,201.0,7/24/2025,yellow,109321.59000000001
"QuietComfort 45 (Wired, Orange)",Headphones,329.0,317.0,1031.0,Bose,8.9,306.0,8/23/2023,red,339199.0
"QN85A Neo QLED (55"", Black frame)",TVs,1399.0,68.0,1087.0,Samsung,9.25,425.0,4/21/2024,black,1520713.0
One-Touch Tea Maker (Red),Kitchen,250.0,251.0,997.0,Breville,8.75,295.0,10/6/2025,red,249250.0
"75R635 (75"", Brown frame)",TVs,1899.0,156.0,1247.0,TCL,8.75,786.0,1/28/2023,brown,2368053.0
Duo Nova (Black),Kitchen,99.99,130.0,1042.0,Instant Pot,8.75,304.0,3/25/2023,black,104189.58
One-Touch Tea Maker (Blue),Kitchen,229.95,,800.0,Breville,8.75,105.0,2/24/2021,blue,183960.0
MX Master 2S (White),Mice,99.99,311.0,1621.0,Logitech,9.25,725.0,6/18/2023,white,162083.78999999998
"Beats Studio3 (Wireless, Green)",Headphones,349.95,278.0,1301.0,Apple,8.25,766.0,1/3/2025,green,455284.95
Lark Manor End Table (Black),Furniture,120.0,15.0,1377.0,Wayfair,8.5,737.0,10/13/2023,black,165240.0
"Sherpa Trucker Jacket (Green, M)",Clothing,98.0,447.0,1307.0,Levi's,8.75,575.0,7/26/2021,green,128086.0
"Mi 11 (1TB, Gray)",Smartphones,799.0,329.0,823.0,Xiaomi,8.75,216.0,8/12/2020,gray,657577.0
"501 Original Jeans (Purple, XXL)",Clothing,69.5,137.0,1503.0,Levi's,8.75,754.0,6/27/2025,purple,104458.5
K100 RGB (Blue),Keyboards,229.99,0.0,957.0,Corsair,9.2,129.0,3/6/2022,blue,220100.43000000002
Watch Series 2 (Purple),Watches,249.0,141.0,367.0,Apple,8.75,41.0,7/27/2021,purple,91383.0
"Elite 75t (Wired, Red)",Headphones,110.0,21.0,733.0,Jabra,8.5,88.0,10/1/2021,red,80630.0
"8 (1TB, White)",Smartphones,899.0,244.0,867.0,OnePlus,8.5,355.0,12/17/2025,white,779433.0
"Cortez (Black, EU 40)",Shoes,90.0,0.0,888.0,Nike,8.75,174.0,4/5/2025,black,79920.0
Galaxy Watch Active2 (Yellow),Watches,249.99,0.0,724.0,Samsung,8.75,747.0,8/18/2024,yellow,180992.76
Architecture Statue of Liberty (21042) (Purple),Toys,129.99,70.0,737.0,LEGO,8.75,23.0,9/4/2020,purple,95802.63
Sensei 310 (Green),Mice,49.99,0.0,1492.0,SteelSeries,8.75,742.0,6/23/2023,green,74585.08
"Samba (White, EU 46)",Shoes,100.0,9.0,847.0,Adidas,8.5,198.0,11/25/2023,white,84700.0
Pictionary (Brown),Toys,20.0,175.0,742.0,Mattel,8.5,80.0,10/5/2022,brown,14840.0
Vivoactive 4 (Green),Watches,249.99,0.0,482.0,Garmin,8.5,335.0,12/29/2021,green,120495.18000000001
"FuelCell Rebel (Green, EU 40)",Shoes,130.0,148.0,1114.0,New Balance,8.25,529.0,1/15/2023,green,144820.0
PlayStation 5 (Blue),Gaming Consoles,499.0,0.0,1432.0,Sony,9.5,27.0,3/6/2020,blue,714568.0
"P40 Pro (512GB, Brown)",Smartphones,1099.0,0.0,1088.0,Huawei,8.5,591.0,7/6/2024,brown,1195712.0
"Omen 15 (512GB, Yellow)",Laptops,1150.0,0.0,1018.0,HP,8.75,443.0,5/9/2023,yellow,1170700.0
Atheris (Orange),Mice,49.99,0.0,1280.0,Razer,8.75,538.0,8/27/2025,orange,63987.200000000004
Magic Trackpad (2021) (Purple),Mice,129.0,0.0,1261.0,Apple,8.7,540.0,9/17/2021,purple,162669.0
Rival 600 (Green),Mice,79.99,0.0,864.0,SteelSeries,9.25,3.0,9/16/2022,green,69111.36
K400 Plus (Brown),Keyboards,29.99,328.0,798.0,Logitech,8.5,139.0,4/28/2024,brown,23932.02
"ROG Zephyrus G14 (256GB, Purple)",Laptops,1200.0,498.0,918.0,Asus,8.75,363.0,3/3/2025,purple,1101600.0
"ProBook 450 G7 (1TB, Yellow)",Laptops,950.0,391.0,738.0,HP,8.0,354.0,6/15/2023,yellow,701100.0
"Tab P12 Pro (512GB, Orange)",Tablets,900.0,0.0,1257.0,Lenovo,8.5,710.0,7/13/2023,orange,1131300.0
"Bravia X950H (75"", Purple frame)",TVs,2500.0,,504.0,Sony,9.0,90.0,6/4/2025,purple,1260000.0
Orchard Hills TV Stand (Black),Furniture,150.0,96.0,613.0,Sauder,8.4,4.0,10/5/2020,black,91950.0
Charge 4 (Purple),Watches,129.95,372.0,674.0,Fitbit,8.5,681.0,10/27/2020,purple,87586.29999999999
"574 (Orange, EU 40)",Shoes,90.0,488.0,1060.0,New Balance,8.5,415.0,4/21/2025,orange,95400.0
"ENVY 13 (256GB, Purple)",Laptops,949.99,450.0,1238.0,HP,8.75,635.0,3/25/2025,purple,1176087.62
"65S535 (55"", Gray frame)",TVs,500.0,0.0,1152.0,TCL,8.5,534.0,7/28/2021,gray,576000.0
"UHD UM7300 (65"", Yellow frame)",TVs,799.0,0.0,996.0,LG,8.5,427.0,10/13/2020,yellow,795804.0
Galaxy Watch 3 (Purple),Watches,250.0,71.0,710.0,Samsung,8.5,766.0,9/29/2025,purple,177500.0
GameCube (White),Gaming Consoles,150.0,0.0,1891.0,Nintendo,8.5,530.0,10/4/2024,white,283650.0
K95 RGB Platinum (Red),Keyboards,199.99,53.0,1597.0,Corsair,9.2,755.0,11/20/2023,red,319384.03
The Bambino Plus (Purple),Kitchen,499.95,0.0,1335.0,Breville,8.75,658.0,2/6/2024,purple,667433.25
Game Gear (White),Gaming Consoles,150.0,45.0,2154.0,Sega,8.5,714.0,9/22/2022,white,323100.0
"Surface Go (1TB, Blue)",Tablets,999.0,344.0,842.0,Microsoft,8.25,405.0,12/30/2025,blue,841158.0
"Bravia A90J (55"", Brown frame)",TVs,1999.0,92.0,779.0,Sony,9.2,220.0,10/12/2025,brown,1557221.0
"511 Slim Jeans (Orange, XS)",Clothing,69.5,0.0,793.0,Levi's,8.75,65.0,10/25/2021,orange,55113.5
"Beats Solo3 (Wired, Gray)",Headphones,99.99,357.0,1333.0,Apple,8.5,682.0,8/7/2022,red,133286.66999999998
"WF-1000XM4 (Wired, Orange)",Headphones,279.99,0.0,1522.0,Sony,9.2,686.0,1/25/2021,red,426144.78
Edifice EFR-S107D (Green),Watches,130.0,0.0,610.0,Casio,8.2,634.0,9/9/2022,green,79300.0
Star Wars Millennium Falcon (75192) (Blue),Toys,849.99,78.0,1069.0,LEGO,9.6,220.0,10/27/2022,blue,908639.31
"WF-C500 (Wired, Blue)",Headphones,49.99,0.0,1215.0,Sony,8.2,614.0,2/17/2022,red,60737.850000000006
Lynx (Brown),Gaming Consoles,130.0,115.0,1379.0,Atari,7.5,477.0,10/2/2022,brown,179270.0
"Omen 15 (64GB, Green)",Laptops,1800.0,0.0,1099.0,HP,8.75,619.0,2/22/2024,green,1978200.0
"P20 Pro (64GB, White)",Smartphones,300.0,482.0,934.0,Huawei,8.2,399.0,12/16/2024,white,280200.0
Little People Caring for Animals Farm (Blue),Toys,49.99,475.0,1651.0,Fisher-Price,9.2,753.0,9/5/2020,blue,82533.49
"RS-X3 (Orange, EU 42)",Shoes,110.0,0.0,948.0,Puma,8.5,284.0,5/19/2025,orange,104280.0
PlayStation 3 (White),Gaming Consoles,150.0,141.0,1846.0,Sony,7.5,769.0,12/9/2022,white,276900.0
Magic Mouse (Black),Mice,99.0,0.0,849.0,Apple,8.5,198.0,12/7/2021,black,84051.0
"Yoga 9i (256GB, Red)",Laptops,1199.99,474.0,972.0,Lenovo,8.75,416.0,2/15/2021,red,1166390.28
Architecture Statue of Liberty (21042) (White),Toys,119.99,13.0,1045.0,LEGO,8.75,310.0,10/2/2024,white,125389.54999999999
"NanoCell 90 (43"", White frame)",TVs,599.0,,1110.0,LG,8.3,575.0,5/18/2021,white,664890.0
"55PUS8804 (50"", Yellow frame)",TVs,850.0,411.0,780.0,Philips,8.25,311.0,5/3/2022,yellow,663000.0
MX Anywhere 2S (Blue),Mice,59.99,257.0,801.0,Logitech,8.5,133.0,7/7/2021,blue,48051.99
Magic Mouse (Late 2022) (Black),Mice,99.0,227.0,1364.0,Apple,8.75,626.0,2/8/2020,black,135036.0
Versa 2 (Green),Watches,149.95,0.0,457.0,Fitbit,8.5,258.0,2/6/2022,green,68527.15
Switch Lite (Black),Gaming Consoles,199.99,15.0,1181.0,Nintendo,8.75,38.0,10/25/2022,black,236188.19
Ideas Tree House (21318) (Black),Toys,249.99,443.0,963.0,LEGO,9.5,60.0,9/5/2022,black,240740.37
"Cali (Red, EU 46)",Shoes,80.0,31.0,1010.0,Puma,8.45,362.0,3/8/2021,red,80800.0
Rubik's Cube (Gray),Toys,14.99,22.0,599.0,Spin Master,7.85,117.0,10/1/2024,gray,8979.01
"HD 560S (Wired, Orange)",Headphones,199.95,0.0,1102.0,Sennheiser,8.75,392.0,6/5/2021,red,220344.9
Infant to Toddler Rocker (Yellow),Toys,44.99,0.0,912.0,Fisher-Price,9.2,63.0,4/20/2025,yellow,41030.880000000005
Basilisk V3 (Purple),Mice,69.99,0.0,726.0,Razer,8.75,6.0,12/16/2025,purple,50812.74
"Bravia X85J (75"", Purple frame)",TVs,1499.0,0.0,1063.0,Sony,8.75,568.0,11/4/2021,purple,1593437.0
"Clyde (Purple, EU 39)",Shoes,90.0,189.0,870.0,Puma,8.75,143.0,2/19/2022,purple,78300.0
G903 Lightspeed (Blue),Mice,99.99,1.0,1279.0,Logitech,9.2,419.0,10/3/2021,blue,127887.20999999999
Cottage Road Coffee Table (Blue),Furniture,180.0,324.0,910.0,Sauder,8.5,284.0,7/27/2024,blue,163800.0
"Clyde (Black, EU 42)",Shoes,90.0,0.0,1031.0,Puma,8.5,365.0,7/13/2021,black,92790.0
"Galaxy Tab A7 (128GB, Green)",Tablets,249.99,0.0,1102.0,Samsung,8.5,461.0,8/14/2021,green,275488.98
"Clyde (Green, EU 44)",Shoes,90.0,0.0,1225.0,Puma,8.5,575.0,7/20/2023,green,110250.0
Marathon M705 (Black),Mice,29.99,433.0,1013.0,Logitech,9.0,212.0,5/8/2024,black,30379.87
Setu Chair (Purple),Furniture,850.0,170.0,1006.0,Herman Miller,9.25,245.0,7/11/2023,purple,855100.0
Wireless Keyboard 900 (Yellow),Keyboards,49.99,31.0,1105.0,Microsoft,8.75,367.0,2/6/2024,yellow,55238.950000000004
"AirPods Pro (2nd generation) (Wireless, Green)",Headphones,249.0,428.0,1423.0,Apple,8.75,719.0,9/29/2020,green,354327.0
"10 Pro (128GB, Green)",Smartphones,699.0,0.0,843.0,OnePlus,8.75,217.0,1/8/2020,green,589257.0
"iPad Pro 12.9 (2021) (1TB, Blue)",Tablets,1799.0,0.0,1240.0,Apple,9.2,615.0,1/7/2025,blue,2230760.0
SNES (Brown),Gaming Consoles,120.0,132.0,2165.0,Nintendo,9.5,420.0,7/31/2021,brown,259800.0
"MacBook Pro 14 (2023) (128GB, Purple)",Laptops,1999.0,,563.0,Apple,9.2,13.0,4/27/2021,purple,1125437.0
"iPad Air (2020) (1TB, Gray)",Tablets,899.0,,747.0,Apple,9.2,30.0,8/10/2021,gray,671553.0
MARQ Athlete (Green),Watches,1500.0,0.0,348.0,Garmin,8.75,192.0,1/17/2024,green,522000.0
"Superstar (White, EU 38)",Shoes,85.0,0.0,1165.0,Adidas,8.75,432.0,4/22/2023,white,99025.0
"501 Shorts (Red, XS)",Clothing,44.99,198.0,1039.0,Levi's,8.75,294.0,6/13/2020,red,46744.61
Shoal Creek Dresser (Red),Furniture,259.99,169.0,805.0,Sauder,8.5,189.0,10/28/2023,red,209291.95
"AirPods Pro (2nd generation) (Wired, Green)",Headphones,249.0,274.0,1513.0,Apple,9.2,689.0,8/5/2021,red,376737.0
"Zig Kinetica (Black, EU 40)",Shoes,120.0,406.0,1448.0,Reebok,8.5,805.0,10/30/2023,black,173760.0
PlayStation Classic (Yellow),Gaming Consoles,70.0,0.0,1531.0,Sony,7.5,573.0,12/4/2024,yellow,107170.0
G903 Lightspeed (Brown),Mice,129.99,0.0,840.0,Logitech,9.1,30.0,9/6/2025,brown,109191.6
"HD 560S (Wireless, Orange)",Headphones,220.0,0.0,1417.0,Sennheiser,8.7,700.0,10/8/2022,orange,311740.0
Transformers Bumblebee (Gray),Toys,24.99,381.0,1084.0,Hasbro,8.75,339.0,7/31/2023,gray,27089.16
"Workout Plus (Gray, EU 38)",Shoes,80.0,266.0,1103.0,Reebok,8.5,434.0,12/25/2022,gray,88240.0
Switch (Gray),Gaming Consoles,299.99,0.0,2592.0,Nintendo,9.25,750.0,9/22/2022,gray,777574.0800000001
Foodi Multi-Cooker (Brown),Kitchen,179.0,492.0,846.0,Ninja,9.2,15.0,3/22/2025,brown,151434.0
Ninjago City (70620) (White),Toys,299.99,186.0,1152.0,LEGO,9.2,332.0,12/16/2024,white,345588.48
"70PUS8505 (55"", White frame)",TVs,800.0,335.0,1226.0,Philips,8.3,714.0,4/23/2024,white,980800.0
"55PUS7956/12 (55"", Orange frame)",TVs,600.0,435.0,994.0,Philips,7.8,606.0,3/4/2022,orange,596400.0
"Basket (Orange, EU 46)",Shoes,90.0,413.0,1444.0,Puma,8.75,713.0,2/29/2024,orange,129960.0
Operation (White),Toys,20.0,42.0,1128.0,Hasbro,8.75,379.0,11/27/2023,white,22560.0
Baby-G BA110 (Orange),Watches,99.0,0.0,420.0,Casio,8.25,254.0,10/21/2025,orange,41580.0
"AirPods (1st generation) (Wireless, Brown)",Headphones,99.0,422.0,671.0,Apple,8.5,26.0,7/3/2020,brown,66429.0
Magic Trackpad (White),Mice,129.0,0.0,980.0,Apple,9.3,115.0,8/31/2021,white,126420.0
"7T (128GB, Brown)",Smartphones,399.0,319.0,730.0,OnePlus,8.5,137.0,11/7/2024,brown,291270.0
"MacBook Air M1 (2020) (256GB, Purple)",Laptops,999.0,0.0,1239.0,Apple,9.25,530.0,8/20/2024,purple,1237761.0
"ThinkPad X1 Carbon (7th Gen) (64GB, Purple)",Laptops,1800.0,245.0,1087.0,Lenovo,8.75,601.0,11/17/2022,purple,1956600.0
Xbox One (Blue),Gaming Consoles,300.0,0.0,1195.0,Microsoft,8.75,65.0,3/3/2021,blue,358500.0
Magic Trackpad (Late 2022) (White),Mice,129.0,0.0,1500.0,Apple,8.75,770.0,7/7/2021,white,193500.0
"Beats Studio3 (Wireless, Gray)",Headphones,349.95,300.0,793.0,Apple,8.25,253.0,9/11/2024,gray,277510.35
Air Hogs Super Soft (Brown),Toys,29.99,0.0,1378.0,Spin Master,8.5,689.0,12/13/2020,brown,41326.22
"Galaxy Tab S6 (128GB, Red)",Tablets,550.0,0.0,886.0,Samsung,8.5,305.0,8/13/2025,red,487300.0
"Pavilion 15 (128GB, Black)",Laptops,550.0,212.0,778.0,HP,8.25,264.0,9/23/2024,black,427900.0
Sensei 310 (Purple),Mice,69.99,162.0,1524.0,SteelSeries,8.75,758.0,4/29/2023,purple,106664.76
"Galaxy Z Flip (128GB, Black)",Smartphones,999.0,449.0,1246.0,Samsung,8.5,722.0,1/28/2021,black,1244754.0
5-Shelf Bookcase (Orange),Furniture,150.0,0.0,669.0,Sauder,8.2,114.0,8/5/2025,orange,100350.0
G-Shock GA2100 (Purple),Watches,120.0,447.0,550.0,Casio,8.75,386.0,4/13/2024,purple,66000.0
"Own the Run Tee (Purple, S)",Clothing,35.0,0.0,859.0,Adidas,8.75,121.0,2/8/2025,purple,30065.0
"Real Madrid Home Jersey (Green, M)",Clothing,90.0,19.0,731.0,Adidas,8.7,29.0,7/28/2025,green,65790.0
"Mate 20 (1TB, Gray)",Smartphones,899.0,178.0,722.0,Huawei,8.5,201.0,7/9/2023,gray,649078.0
"Galaxy S9 (512GB, Yellow)",Smartphones,299.0,66.0,1270.0,Samsung,8.5,652.0,10/17/2025,yellow,379730.0
Forerunner 245 (Blue),Watches,299.99,0.0,580.0,Garmin,8.9,411.0,1/12/2025,blue,173994.2
VCS (2021) (Gray),Gaming Consoles,299.0,88.0,955.0,Atari,7.5,247.0,10/10/2021,gray,285545.0
Barbie Doll (Purple),Toys,24.99,395.0,987.0,Mattel,8.75,247.0,10/8/2023,purple,24665.129999999997
"ZBook Firefly 14 (64GB, Brown)",Laptops,2500.0,114.0,859.0,HP,8.5,584.0,10/29/2021,brown,2147500.0
Duo Crisp + Air Fryer (Red),Kitchen,199.95,124.0,1178.0,Instant Pot,9.25,332.0,2/9/2025,red,235541.09999999998
"OLED C1 (65"", Purple frame)",TVs,1899.0,368.0,638.0,LG,9.25,60.0,11/18/2021,purple,1211562.0
"5T (256GB, Blue)",Smartphones,499.0,0.0,1174.0,OnePlus,8.75,485.0,5/27/2022,blue,585826.0
"ZenBook 14 UX425 (128GB, Black)",Laptops,799.0,36.0,1090.0,Asus,8.75,469.0,10/11/2020,black,870910.0
Magic Mouse 2 (Yellow),Mice,79.0,0.0,1231.0,Apple,8.5,567.0,10/6/2021,yellow,97249.0
"Bravia X95J (43"", Yellow frame)",TVs,1299.99,0.0,727.0,Sony,8.75,195.0,11/14/2025,yellow,945092.73
"Spectre x360 13 (256GB, Gray)",Laptops,999.99,177.0,795.0,HP,8.75,204.0,7/19/2020,gray,794992.05
K95 RGB Platinum (Black),Keyboards,199.99,0.0,1229.0,Corsair,9.2,393.0,10/29/2023,black,245787.71000000002
Versa (Black),Watches,129.95,200.0,722.0,Fitbit,8.5,789.0,4/20/2024,black,93823.9
K55 RGB (Yellow),Keyboards,59.99,206.0,1069.0,Corsair,8.25,460.0,3/3/2024,yellow,64129.310000000005
Charge 4 (Brown),Watches,129.95,490.0,694.0,Fitbit,8.5,728.0,4/7/2023,brown,90185.29999999999
Rival 710 (Black),Mice,99.99,295.0,1351.0,SteelSeries,8.75,598.0,7/8/2023,black,135086.49
"Surface Pro 6 (256GB, Orange)",Tablets,1100.0,84.0,748.0,Microsoft,8.5,245.0,5/18/2025,orange,822800.0
"iPhone 7 (64GB, Gray)",Smartphones,150.0,345.0,1051.0,Apple,7.5,652.0,9/17/2023,gray,157650.0
PSX (Purple),Gaming Consoles,150.0,0.0,1229.0,Sony,8.45,134.0,1/13/2022,purple,184350.0
"ENVY 15 (1TB, White)",Laptops,1200.0,491.0,985.0,HP,8.75,421.0,7/12/2025,white,1182000.0
"Alphabounce (Brown, EU 38)",Shoes,120.0,0.0,1469.0,Adidas,8.75,732.0,4/30/2025,brown,176280.0
"Powerbeats Pro (Wired, White)",Headphones,249.95,0.0,1391.0,Apple,8.4,770.0,10/21/2025,red,347680.45
Gear Fit2 Pro (Green),Watches,130.0,71.0,492.0,Samsung,8.35,365.0,3/23/2023,green,63960.0
"MacBook Pro 13 (2022) (64GB, White)",Laptops,1999.0,412.0,711.0,Apple,8.75,277.0,3/7/2022,white,1421289.0
"Powerbeats Pro (Wireless, Blue)",Headphones,199.95,6.0,1511.0,Apple,8.75,787.0,3/2/2022,blue,302124.45
Xbox One X (Blue),Gaming Consoles,349.99,0.0,1376.0,Microsoft,8.5,258.0,2/29/2024,blue,481586.24
"MacBook Pro 13 (2020) (1TB, Green)",Laptops,1799.0,389.0,756.0,Apple,9.1,204.0,6/24/2025,green,1360044.0
"QLED Q60T (75"", Brown frame)",TVs,1500.0,0.0,502.0,Samsung,8.7,19.0,1/15/2022,brown,753000.0
Flashback 8 (Green),Gaming Consoles,49.99,0.0,1616.0,Atari,7.5,635.0,10/16/2024,green,80783.84
G613 Wireless (Yellow),Keyboards,70.0,190.0,1457.0,Logitech,8.5,789.0,3/23/2021,yellow,101990.0
"513 Slim Straight (Purple, S)",Clothing,69.99,342.0,1066.0,Levi's,8.55,395.0,9/9/2022,purple,74609.34
Xbox One (Red),Gaming Consoles,299.0,376.0,1507.0,Microsoft,8.75,251.0,12/16/2022,red,450593.0
Creator Expert Taj Mahal (10256) (Green),Toys,369.99,0.0,1409.0,LEGO,9.25,587.0,9/25/2025,green,521315.91000000003
Connect 4 (White),Toys,15.99,54.0,1194.0,Hasbro,8.75,456.0,10/8/2024,white,19092.06
G810 Orion Spectrum (Yellow),Keyboards,129.99,0.0,1228.0,Logitech,8.75,518.0,10/25/2025,yellow,159627.72
"AU8000 (50"", Black frame)",TVs,450.0,44.0,1355.0,Samsung,8.75,660.0,3/2/2023,black,609750.0
"Sportswear Club Hoodie (Red, XS)",Clothing,50.0,251.0,1196.0,Nike,8.75,466.0,10/27/2021,red,59800.0
"Instapump Fury (Orange, EU 46)",Shoes,180.0,63.0,980.0,Reebok,8.5,338.0,9/30/2020,orange,176400.0
"Vanish Woven Pants (Brown, M)",Clothing,65.0,67.0,1399.0,Under Armour,8.5,713.0,10/6/2025,brown,90935.0
Galaxy Watch 3 (Gray),Watches,249.99,170.0,523.0,Samsung,8.75,351.0,7/23/2024,gray,130744.77
Sayl Chair (White),Furniture,625.0,390.0,1127.0,Herman Miller,9.25,331.0,8/27/2023,white,704375.0
"MacBook Pro 14 (2021) (512GB, Purple)",Laptops,1999.0,200.0,642.0,Apple,9.4,38.0,12/27/2025,purple,1283358.0
"HD 560S (Wired, Gray)",Headphones,199.0,425.0,1291.0,Sennheiser,8.75,577.0,6/4/2024,red,256909.0
Pro Trek PRG-600 (Red),Watches,320.0,433.0,538.0,Casio,8.75,375.0,5/12/2021,red,172160.0
"Sleepbuds II (Wired, White)",Headphones,249.0,386.0,1453.0,Bose,8.7,759.0,5/18/2021,red,361797.0
Ultra 10-in-1 (Orange),Kitchen,149.99,0.0,1217.0,Instant Pot,8.75,512.0,8/28/2022,orange,182537.83000000002
Tech Deck (Gray),Toys,10.99,421.0,887.0,Spin Master,8.75,148.0,3/15/2021,gray,9748.130000000001
"Mi 10 (256GB, Orange)",Smartphones,499.0,240.0,1221.0,Xiaomi,8.45,613.0,3/15/2024,orange,609279.0
"iPhone 6 (1TB, White)",Smartphones,200.0,109.0,1121.0,Apple,8.5,457.0,2/15/2023,white,224200.0
Computer Desk (Yellow),Furniture,150.0,379.0,460.0,Sauder,7.8,19.0,2/12/2025,yellow,69000.0
"Surface Pro 7+ (1TB, Brown)",Tablets,2299.0,102.0,844.0,Microsoft,8.5,543.0,12/1/2024,brown,1940356.0
Etch A Sketch (Black),Toys,14.99,0.0,856.0,Spin Master,8.5,192.0,10/14/2024,black,12831.44
Mistana Armchair (Blue),Furniture,250.0,0.0,824.0,Wayfair,8.5,199.0,1/5/2024,blue,206000.0
"WF-1000XM4 (Wired, Red)",Headphones,99.99,76.0,928.0,Sony,8.65,233.0,1/6/2025,red,92790.72
"513 Slim Straight (Gray, XL)",Clothing,69.5,69.0,1297.0,Levi's,8.75,555.0,12/26/2023,gray,90141.5
"Inspiron 15 3000 (1TB, Brown)",Laptops,499.0,0.0,1032.0,Dell,7.8,635.0,4/28/2024,brown,514968.0
Classic IntelliMouse (Red),Mice,39.99,0.0,876.0,Microsoft,8.5,216.0,6/12/2022,red,35031.240000000005
"Urbanite XL (Wireless, Orange)",Headphones,150.0,366.0,822.0,Sennheiser,8.75,104.0,3/15/2020,orange,123300.0
"Floatride Run (Yellow, EU 38)",Shoes,120.0,0.0,1293.0,Reebok,8.45,633.0,12/9/2023,yellow,155160.0
"MacBook Pro 13 (2020) (256GB, Yellow)",Laptops,1099.0,0.0,690.0,Apple,8.5,189.0,3/15/2023,yellow,758310.0
Marathon M705 (Orange),Mice,39.99,492.0,913.0,Logitech,8.75,190.0,6/5/2025,orange,36510.87
K60 RGB Pro (Gray),Keyboards,89.99,0.0,1058.0,Corsair,8.75,328.0,5/14/2024,gray,95209.42
Edifice EFR-S107D (Yellow),Watches,150.0,364.0,465.0,Casio,8.3,338.0,11/24/2024,yellow,69750.0
"iPhone 6 (256GB, Yellow)",Smartphones,299.0,0.0,818.0,Apple,7.5,460.0,4/16/2022,yellow,244582.0
"Spectre x360 13 (512GB, Green)",Laptops,1299.0,292.0,1159.0,HP,8.5,668.0,4/13/2024,green,1505541.0
"iPad Pro 11 (2020) (512GB, Red)",Tablets,1299.0,28.0,791.0,Apple,9.5,47.0,4/22/2025,red,1027509.0
"iPhone 13 (1TB, Red)",Smartphones,1299.0,118.0,1172.0,Apple,9.5,430.0,10/30/2022,red,1522428.0
"P20 (512GB, Black)",Smartphones,299.0,0.0,796.0,Huawei,8.5,177.0,4/23/2024,black,238004.0
Masters of the Universe He-Man (Brown),Toys,24.99,0.0,1484.0,Mattel,8.5,805.0,6/27/2023,brown,37085.159999999996
Instinct (Purple),Watches,299.99,320.0,526.0,Garmin,8.75,342.0,10/8/2023,purple,157794.74
Verus Chair (Yellow),Furniture,695.0,291.0,837.0,Herman Miller,8.75,204.0,2/5/2025,yellow,581715.0
Creator Expert Taj Mahal (10256) (Brown),Toys,369.99,455.0,1157.0,LEGO,9.5,271.0,5/14/2022,brown,428078.43
Juice Fountain Elite (Gray),Kitchen,299.95,0.0,1514.0,Breville,9.2,671.0,12/16/2022,gray,454124.3
Rival 5 (White),Mice,69.99,0.0,795.0,SteelSeries,8.9,31.0,11/14/2024,white,55642.049999999996
"5T (512GB, Red)",Smartphones,699.0,426.0,1354.0,OnePlus,8.5,778.0,2/15/2023,red,946446.0
"Mi 9 (64GB, Green)",Smartphones,199.0,183.0,1370.0,Xiaomi,8.5,705.0,4/21/2024,green,272630.0
"Adizero Adios Pro (Green, EU 39)",Shoes,250.0,379.0,979.0,Adidas,9.2,146.0,5/18/2024,green,244750.0
"TU8000 (43"", Green frame)",TVs,400.0,0.0,1065.0,Samsung,8.5,432.0,9/20/2025,green,426000.0
"P20 Pro (128GB, White)",Smartphones,350.0,228.0,1258.0,Huawei,8.2,713.0,9/14/2022,white,440300.0
"AU8000 (65"", Yellow frame)",TVs,650.0,103.0,788.0,Samsung,8.5,217.0,9/18/2024,yellow,512200.0
Game Gear (Yellow),Gaming Consoles,120.0,327.0,1659.0,Sega,8.5,381.0,10/26/2025,yellow,199080.0
"Yoga 9i (1TB, Red)",Laptops,1799.0,364.0,1164.0,Lenovo,8.65,715.0,1/6/2021,red,2094036.0
"50S535 (75"", Orange frame)",TVs,1199.0,386.0,1298.0,TCL,8.75,733.0,8/1/2023,orange,1556302.0
"SoundSport Wireless (Wired, Black)",Headphones,99.0,0.0,983.0,Bose,8.5,334.0,3/29/2020,red,97317.0
"MediaPad M6 (1TB, Brown)",Tablets,450.0,0.0,710.0,Huawei,7.8,315.0,2/22/2022,brown,319500.0
Apex 5 (Red),Keyboards,99.99,50.0,1274.0,SteelSeries,8.75,549.0,8/1/2023,red,127387.26
Orochi V2 (Orange),Mice,69.99,385.0,839.0,Razer,8.75,118.0,7/1/2021,orange,58721.60999999999
"Windrunner Jacket (Purple, XS)",Clothing,90.0,226.0,1035.0,Nike,8.5,375.0,1/14/2020,purple,93150.0
K380 (Black),Keyboards,39.99,64.0,1524.0,Logitech,8.75,767.0,5/5/2023,black,60944.76
Bladen Sofa (Red),Furniture,449.99,108.0,1006.0,Ashley Furniture,8.5,397.0,10/6/2025,red,452689.94
Nutri Pro Blender (Yellow),Kitchen,99.99,217.0,807.0,Ninja,8.75,89.0,4/16/2020,yellow,80691.93
"UHD UM7300 (50"", Green frame)",TVs,450.0,0.0,654.0,LG,8.3,116.0,12/25/2022,green,294300.0
"Mi 10 (1TB, Brown)",Smartphones,549.0,272.0,1106.0,Xiaomi,8.2,595.0,1/22/2020,brown,607194.0
"65R635 (75"", Orange frame)",TVs,1799.0,203.0,608.0,TCL,8.5,218.0,7/11/2020,orange,1093792.0
Inspire HR (Yellow),Watches,69.95,81.0,708.0,Fitbit,8.5,730.0,6/14/2024,yellow,49524.6
Precision Mouse (Black),Mice,39.99,0.0,1334.0,Microsoft,8.75,586.0,1/31/2024,black,53346.66
"513 Slim Straight (Black, M)",Clothing,69.5,0.0,1018.0,Levi's,8.75,276.0,11/23/2020,black,70751.0
"996 (Black, EU 38)",Shoes,110.0,79.0,1149.0,New Balance,8.5,499.0,8/18/2025,black,126390.0
"P40 (64GB, Orange)",Smartphones,499.0,265.0,725.0,Huawei,8.25,205.0,11/19/2024,orange,361775.0
"IdeaPad Duet Chromebook (512GB, Green)",Tablets,399.0,0.0,898.0,Lenovo,8.5,285.0,12/4/2020,green,358302.0
Verus Chair (Blue),Furniture,675.0,158.0,1438.0,Herman Miller,8.75,787.0,3/9/2024,blue,970650.0
Galaxy Watch Active2 (Red),Watches,249.99,73.0,428.0,Samsung,8.75,160.0,5/10/2025,red,106995.72
Foodi Digital Air Fry Oven (Orange),Kitchen,299.99,216.0,953.0,Ninja,8.75,264.0,10/29/2023,orange,285890.47000000003
Apex 350 (Black),Keyboards,129.99,,1246.0,SteelSeries,8.75,507.0,9/26/2025,black,161967.54
Billy Bookcase (Black),Furniture,49.99,156.0,1449.0,IKEA,8.75,690.0,7/14/2023,black,72435.51000000001
"Pavilion 15 (1TB, Gray)",Laptops,700.0,264.0,1325.0,HP,8.5,761.0,1/26/2021,gray,927500.0
"55S535 (75"", Blue frame)",TVs,850.0,240.0,869.0,TCL,8.65,278.0,1/29/2020,blue,738650.0
"Condivo 20 Training Top (Yellow, M)",Clothing,60.0,0.0,1387.0,Adidas,8.75,632.0,7/22/2021,yellow,83220.0
Inspire 2 (Black),Watches,99.95,351.0,371.0,Fitbit,8.5,92.0,8/25/2023,black,37081.450000000004
Gear Fit2 Pro (Blue),Watches,149.99,0.0,590.0,Samsung,8.5,520.0,1/14/2022,blue,88494.1
"Jersey Dress (Gray, S)",Clothing,24.99,104.0,902.0,H&M,8.5,237.0,7/25/2024,gray,22540.98
Twister (White),Toys,19.99,0.0,1427.0,Hasbro,8.5,754.0,6/9/2025,white,28525.73
"iPhone 12 (64GB, Yellow)",Smartphones,599.0,399.0,1143.0,Apple,8.75,499.0,6/17/2020,yellow,684657.0
Hatchimals CollEGGtibles (Green),Toys,9.99,0.0,1158.0,Spin Master,8.5,477.0,1/24/2021,green,11568.42
Xbox 360 (Red),Gaming Consoles,299.99,493.0,1696.0,Microsoft,8.5,423.0,9/16/2022,red,508783.04000000004
"Elite 75t (Wireless, Brown)",Headphones,149.99,348.0,1489.0,Jabra,8.75,755.0,1/20/2022,brown,223335.11000000002
Classic Brick Set (10717) (Purple),Toys,59.99,398.0,891.0,LEGO,9.25,23.0,12/20/2025,purple,53451.090000000004
Setu Chair (Green),Furniture,795.0,0.0,872.0,Herman Miller,8.75,252.0,10/5/2025,green,693240.0
MX Anywhere 2S (Gray),Mice,59.99,331.0,1364.0,Logitech,8.75,619.0,11/18/2022,gray,81826.36
Sculpt Ergonomic Keyboard (Gray),Keyboards,79.99,0.0,1529.0,Microsoft,8.75,768.0,5/14/2023,gray,122304.70999999999
Ionic (Blue),Watches,250.0,462.0,435.0,Fitbit,8.5,243.0,2/28/2024,blue,108750.0
"Spectre x360 13 (64GB, Gray)",Laptops,1099.0,419.0,1130.0,HP,8.75,547.0,8/30/2021,gray,1241870.0
32X (Yellow),Gaming Consoles,100.0,0.0,1501.0,Sega,7.85,476.0,3/21/2022,yellow,150100.0
Watch Series 3 (Green),Watches,199.0,432.0,598.0,Apple,8.75,491.0,8/19/2021,green,119002.0
"Vanish Woven Pants (Orange, M)",Clothing,65.0,0.0,974.0,Under Armour,8.7,264.0,4/28/2022,orange,63310.0
"Latitude 7400 (1TB, Orange)",Laptops,1500.0,34.0,897.0,Dell,8.5,447.0,9/10/2024,orange,1345500.0
Daily Collection Kettle (Yellow),Kitchen,25.0,124.0,648.0,Philips,8.3,45.0,11/24/2022,yellow,16200.0
"Armour Fleece Pants (Blue, XXL)",Clothing,55.0,321.0,1080.0,Under Armour,8.7,364.0,1/30/2023,blue,59400.0
"P40 Pro (256GB, Red)",Smartphones,599.0,0.0,962.0,Huawei,8.4,407.0,4/10/2022,red,576238.0
"Inspiron 14 5000 (512GB, Purple)",Laptops,750.0,0.0,792.0,Dell,8.25,317.0,10/14/2020,purple,594000.0
G810 Orion Spectrum (Purple),Keyboards,129.99,0.0,1106.0,Logitech,8.5,456.0,1/23/2023,purple,143768.94
MX Anywhere 2S (Purple),Mice,59.99,,997.0,Logitech,8.5,329.0,3/24/2022,purple,59810.03
Galaxy Watch (Orange),Watches,299.99,421.0,652.0,Samsung,8.75,599.0,12/21/2021,orange,195593.48
Huntsman Tournament Edition (Red),Keyboards,130.0,365.0,911.0,Razer,8.75,189.0,3/6/2025,red,118430.0
Genesis (Yellow),Gaming Consoles,60.0,441.0,1830.0,Sega,8.75,395.0,10/13/2024,yellow,109800.0
"WH-XB900N (Wired, Orange)",Headphones,149.99,0.0,1039.0,Sony,8.4,408.0,4/6/2024,red,155839.61000000002
PlayStation 4 (Black),Gaming Consoles,299.0,416.0,1784.0,Sony,8.75,429.0,5/22/2020,black,533416.0
K70 RGB MK.2 (Black),Keyboards,159.99,229.0,906.0,Corsair,8.75,190.0,2/11/2021,black,144950.94
"Basket (White, EU 38)",Shoes,60.0,7.0,1272.0,Puma,8.5,603.0,3/10/2023,white,76320.0
M330 Silent Plus (Gray),Mice,25.0,295.0,1211.0,Logitech,8.75,452.0,5/1/2021,gray,30275.0
"Real Madrid Home Jersey (Purple, XS)",Clothing,90.0,180.0,831.0,Adidas,8.75,102.0,4/20/2025,purple,74790.0
Ektorp Sofa (Purple),Furniture,499.0,0.0,1266.0,IKEA,8.5,677.0,3/27/2025,purple,631734.0
PSX (Purple),Gaming Consoles,150.0,0.0,1229.0,Sony,8.45,144.0,1/13/2022,purple,184350.0
"ZenBook Pro Duo 15 (1TB, Red)",Laptops,2499.0,0.0,1115.0,Asus,8.75,747.0,11/10/2025,red,2786385.0
"OLED CX (50"", White frame)",TVs,1199.0,247.0,979.0,LG,9.2,282.0,7/6/2025,white,1173821.0
"MacBook Pro 14 (2023) (512GB, White)",Laptops,1999.0,,690.0,Apple,9.7,1.0,10/5/2020,white,1379310.0
UNO Card Game (Red),Toys,9.99,0.0,1180.0,Mattel,8.75,427.0,10/24/2025,red,11788.2
Hot and Cold Brewed System (Black),Kitchen,169.99,380.0,1538.0,Ninja,9.25,683.0,12/6/2021,black,261444.62000000002
Huntsman V2 Analog (Yellow),Keyboards,249.99,0.0,1294.0,Razer,8.75,579.0,8/7/2022,yellow,323487.06
"EliteBook 840 G6 (64GB, Red)",Laptops,1200.0,0.0,1254.0,HP,8.5,758.0,1/31/2022,red,1504800.0
"AirPods Pro (1st generation) (Wired, Gray)",Headphones,199.0,473.0,1029.0,Apple,8.5,378.0,4/7/2024,red,204771.0
"Momentum 3 Wireless (Wired, Orange)",Headphones,399.95,8.0,1100.0,Sennheiser,8.75,401.0,10/5/2025,red,439945.0
Creator Ford Mustang (10265) (Red),Toys,169.99,0.0,1583.0,LEGO,9.45,663.0,5/9/2025,red,269094.17000000004
"AirPods (2nd generation) (Wired, Orange)",Headphones,99.0,432.0,1136.0,Apple,8.5,467.0,4/23/2022,red,112464.0
MX Master 3 (Orange),Mice,99.99,457.0,1229.0,Logitech,9.3,344.0,6/3/2021,orange,122887.70999999999
K380 (Green),Keyboards,39.99,438.0,919.0,Logitech,8.75,182.0,6/17/2020,green,36750.810000000005
"P30 (64GB, Gray)",Smartphones,300.0,0.0,1103.0,Huawei,8.1,580.0,2/24/2022,gray,330900.0
"Sherpa Trucker Jacket (Yellow, L)",Clothing,98.0,138.0,725.0,Levi's,8.5,76.0,6/22/2020,yellow,71050.0
"IdeaPad 5 (128GB, Green)",Laptops,650.0,297.0,1206.0,Lenovo,8.5,611.0,3/12/2024,green,783900.0
"50PUS7506 (43"", Purple frame)",TVs,480.0,338.0,1143.0,Philips,7.8,740.0,5/10/2020,purple,548640.0
"MatePad Pro 12.6 (1TB, Yellow)",Tablets,1099.0,190.0,702.0,Huawei,8.3,264.0,8/14/2025,yellow,771498.0
"11T (1TB, Yellow)",Smartphones,599.0,,500.0,Xiaomi,8.2,15.0,12/12/2024,yellow,299500.0
"Pavilion 14 (1TB, Purple)",Laptops,649.99,0.0,1014.0,HP,8.25,507.0,5/11/2020,purple,659089.86
Watch SE (Green),Watches,279.0,22.0,358.0,Apple,8.75,28.0,4/5/2021,green,99882.0
Nomad (Orange),Gaming Consoles,299.99,130.0,1464.0,Sega,8.5,282.0,2/10/2020,orange,439185.36
"Mi 9 (256GB, Red)",Smartphones,350.0,0.0,948.0,Xiaomi,8.2,417.0,7/12/2025,red,331800.0
Paw Patrol Mighty Lookout Tower (Green),Toys,119.99,175.0,806.0,Spin Master,8.45,171.0,4/16/2023,green,96711.94
"iPad Pro 11 (2020) (256GB, Brown)",Tablets,849.0,0.0,1090.0,Apple,9.3,325.0,9/9/2023,brown,925410.0
"MatePad 11 (512GB, Blue)",Tablets,699.0,196.0,1136.0,Huawei,8.4,605.0,6/6/2023,blue,794064.0
K68 RGB (Green),Keyboards,119.99,0.0,1409.0,Corsair,8.75,686.0,12/4/2020,green,169065.91
"Yeezy Boost 350 V2 (Yellow, EU 38)",Shoes,220.0,0.0,1336.0,Adidas,8.65,660.0,4/16/2020,yellow,293920.0
Orchard Hills TV Stand (Brown),Furniture,200.0,243.0,784.0,Sauder,8.25,211.0,5/24/2024,brown,156800.0
Scrabble (White),Toys,20.0,116.0,1422.0,Mattel,8.75,668.0,1/20/2022,white,28440.0
"Chromebook Flip C434 (64GB, Brown)",Laptops,529.0,0.0,791.0,Asus,8.5,204.0,12/5/2023,brown,418439.0
"Redmi Note 10 (1TB, Green)",Smartphones,300.0,148.0,788.0,Xiaomi,8.5,165.0,2/1/2024,red,236400.0
Bakugan Battle Arena (White),Toys,29.99,0.0,1274.0,Spin Master,8.25,654.0,10/30/2023,white,38207.259999999995
Alenya Sofa (Brown),Furniture,450.0,0.0,1051.0,Ashley Furniture,8.25,521.0,8/6/2020,brown,472950.0
"Ultraboost 21 (Red, EU 46)",Shoes,180.0,230.0,855.0,Adidas,8.75,160.0,6/11/2024,red,153900.0
"AirPods (2nd generation) (Wireless, Black)",Headphones,129.0,0.0,1191.0,Apple,8.5,539.0,4/12/2020,black,153639.0
"Condivo 20 Training Top (Blue, S)",Clothing,60.0,389.0,1034.0,Adidas,8.7,321.0,6/18/2023,blue,62040.0
2600 (Brown),Gaming Consoles,199.99,136.0,1899.0,Atari,8.5,546.0,9/28/2021,brown,379781.01
"iPad Air (2019) (512GB, Brown)",Tablets,649.0,239.0,835.0,Apple,9.2,73.0,1/9/2023,brown,541915.0
Cardinal Games Chess (Orange),Toys,20.0,314.0,959.0,Spin Master,8.5,290.0,7/2/2023,orange,19180.0
Strandmon Wing Chair (Purple),Furniture,279.0,0.0,1512.0,IKEA,8.75,787.0,7/21/2023,purple,421848.0
Little People School Bus (Gray),Toys,24.99,0.0,1313.0,Fisher-Price,8.75,567.0,5/23/2022,gray,32811.869999999995
Watch Ultra (Red),Watches,799.0,445.0,394.0,Apple,8.75,174.0,2/28/2021,red,314806.0
Ebern Designs Convertible Sofa (Green),Furniture,450.0,445.0,524.0,Wayfair,7.85,115.0,11/1/2023,green,235800.0
"iPad (2017) (64GB, White)",Tablets,299.0,438.0,649.0,Apple,8.5,35.0,5/9/2022,white,194051.0
Classic Hand Mixer (Red),Kitchen,59.99,47.0,1561.0,KitchenAid,9.2,664.0,2/6/2021,red,93644.39
"Spectre x360 15 (512GB, Blue)",Laptops,1300.0,409.0,696.0,HP,8.5,228.0,10/5/2024,blue,904800.0
PlayStation 2 (White),Gaming Consoles,150.0,0.0,2050.0,Sony,8.75,548.0,7/19/2022,white,307500.0
"7T (512GB, White)",Smartphones,499.0,389.0,1141.0,OnePlus,8.75,481.0,10/9/2023,white,569359.0
"512 Slim Taper Jeans (Yellow, S)",Clothing,69.5,45.0,1252.0,Levi's,8.75,509.0,10/20/2025,yellow,87014.0
"G5 15 (1TB, White)",Laptops,1199.0,499.0,1149.0,Dell,8.2,729.0,9/22/2023,white,1377651.0
Rival 110 (Gray),Mice,40.0,282.0,1002.0,SteelSeries,8.75,278.0,7/19/2024,gray,40080.0
"UHD UN7300 (75"", Orange frame)",TVs,1200.0,223.0,1019.0,LG,8.4,570.0,9/27/2022,orange,1222800.0
N64 (Orange),Gaming Consoles,150.0,183.0,1310.0,Nintendo,8.5,182.0,9/17/2023,orange,196500.0
"Pump Omni Lite (Red, EU 40)",Shoes,150.0,0.0,1389.0,Reebok,8.5,722.0,4/30/2025,red,208350.0
"HD 599 (Wireless, Gray)",Headphones,199.95,0.0,886.0,Sennheiser,8.5,239.0,3/15/2025,gray,177155.69999999998
"Tab P11 Pro (128GB, Brown)",Tablets,499.0,320.0,624.0,Lenovo,8.5,44.0,6/6/2020,brown,311376.0
XXL Grill (Brown),Kitchen,299.99,365.0,1150.0,Philips,8.75,462.0,5/15/2022,brown,344988.5
Sand & Stable Bar Stool (Purple),Furniture,150.0,300.0,1441.0,Wayfair,8.5,771.0,10/24/2024,purple,216150.0
"iPhone 7 (256GB, Black)",Smartphones,179.0,488.0,633.0,Apple,7.85,181.0,1/10/2020,black,113307.0
"530 (Yellow, EU 44)",Shoes,140.0,270.0,1222.0,New Balance,8.75,506.0,7/15/2021,yellow,171080.0
F-91W (Black),Watches,20.0,0.0,366.0,Casio,8.5,74.0,12/25/2025,black,7320.0
Pico (Green),Gaming Consoles,120.0,14.0,2062.0,Sega,8.5,617.0,9/18/2025,green,247440.0
"Tab P11 Pro (1TB, Green)",Tablets,799.0,98.0,862.0,Lenovo,8.3,373.0,8/12/2021,green,688738.0
"ThinkPad T14 (64GB, Green)",Laptops,1800.0,84.0,451.0,Lenovo,8.75,0.0,6/28/2020,green,811800.0
North Avenue Desk (Gray),Furniture,150.0,152.0,1464.0,Sauder,8.5,816.0,3/16/2025,gray,219600.0
"MacBook Air M2 (2022) (256GB, Gray)",Laptops,1099.0,0.0,1380.0,Apple,9.2,674.0,2/13/2025,gray,1516620.0
Poäng Armchair (Blue),Furniture,89.0,83.0,583.0,IKEA,8.25,7.0,11/16/2024,blue,51887.0
Apex 7 (White),Keyboards,159.99,,1323.0,SteelSeries,9.2,488.0,1/19/2020,white,211666.77000000002
Apex 350 (Gray),Keyboards,120.0,348.0,740.0,SteelSeries,8.5,98.0,4/10/2020,gray,88800.0
"Tab M8 (256GB, Purple)",Tablets,199.99,363.0,885.0,Lenovo,8.2,334.0,8/4/2025,purple,176991.15
Greyleigh Coffee Table (Yellow),Furniture,350.0,47.0,623.0,Wayfair,8.25,95.0,12/24/2022,yellow,218050.0
"MacBook Air M1 (2020) (64GB, Yellow)",Laptops,1099.0,14.0,1341.0,Apple,9.45,558.0,6/9/2020,yellow,1473759.0
Jenga (Yellow),Toys,14.99,351.0,735.0,Hasbro,8.5,78.0,7/22/2024,yellow,11017.65
"8-Series Q825 (43"", Purple frame)",TVs,450.0,258.0,677.0,TCL,8.25,154.0,11/3/2025,purple,304650.0
"55PUS7334 (65"", Orange frame)",TVs,750.0,313.0,590.0,Philips,8.2,126.0,6/1/2022,orange,442500.0
"Move Style Edition (Wireless, Orange)",Headphones,100.0,0.0,1067.0,Jabra,8.5,409.0,3/26/2020,orange,106700.0
"Classic Leather (Yellow, EU 38)",Shoes,85.0,75.0,1252.0,Reebok,8.75,521.0,5/16/2020,yellow,106420.0
K68 RGB (Blue),Keyboards,99.99,68.0,1093.0,Corsair,8.75,352.0,10/2/2025,blue,109289.06999999999
"7T (64GB, Brown)",Smartphones,399.0,0.0,843.0,OnePlus,8.75,152.0,5/26/2023,brown,336357.0
Watch Series 6 (Blue),Watches,399.0,21.0,532.0,Apple,8.75,374.0,12/28/2022,blue,212268.0
Prime Wireless (White),Mice,139.99,40.0,1207.0,SteelSeries,8.75,503.0,10/20/2024,white,168967.93000000002
"iPhone 7 (128GB, Blue)",Smartphones,200.0,98.0,1044.0,Apple,8.23,480.0,4/13/2024,blue,208800.0
Apex 5 (Gray),Keyboards,99.99,87.0,850.0,SteelSeries,8.75,131.0,10/27/2025,gray,84991.5
"Galaxy S7 (256GB, Brown)",Smartphones,250.0,346.0,481.0,Samsung,7.5,140.0,12/12/2020,brown,120250.0
"Surface Pro 7 (256GB, Blue)",Tablets,899.0,210.0,947.0,Microsoft,8.75,348.0,6/11/2025,blue,851353.0
Naga Trinity (Yellow),Mice,99.99,378.0,722.0,Razer,8.5,74.0,10/11/2023,yellow,72192.78
"IdeaPad 5 (256GB, Brown)",Laptops,600.0,4.0,1013.0,Lenovo,8.2,520.0,7/4/2021,brown,607800.0
Cynosa Chroma (Black),Keyboards,59.99,446.0,973.0,Razer,8.45,319.0,9/24/2021,black,58370.270000000004
"WH-1000XM3 (Wired, Red)",Headphones,229.99,233.0,1385.0,Sony,9.5,444.0,4/5/2022,red,318536.15
"Future Rider (White, EU 39)",Shoes,80.0,0.0,1259.0,Puma,8.5,607.0,11/19/2020,white,100720.0
"Smash (Purple, EU 42)",Shoes,60.0,42.0,812.0,Puma,8.5,153.0,6/11/2024,purple,48720.0
"P30 Pro (128GB, Orange)",Smartphones,499.0,0.0,1404.0,Huawei,8.5,788.0,4/9/2020,orange,700596.0
PlayStation Classic (White),Gaming Consoles,99.99,0.0,1675.0,Sony,7.5,660.0,11/18/2025,white,167483.25
"Mi 11 (128GB, Gray)",Smartphones,499.0,27.0,1344.0,Xiaomi,8.5,733.0,1/24/2023,gray,670656.0
K400 Plus (Orange),Keyboards,29.99,27.0,907.0,Logitech,8.5,253.0,10/18/2020,orange,27200.93
"Cotton Chino Pants (Green, XS)",Clothing,29.99,185.0,770.0,H&M,8.45,111.0,9/21/2024,green,23092.3
"Smash (Red, EU 46)",Shoes,70.0,0.0,1328.0,Puma,8.5,651.0,3/14/2022,red,92960.0
Creator Expert Taj Mahal (10256) (Black),Toys,399.99,0.0,892.0,LEGO,9.2,96.0,3/14/2021,black,356791.08
"513 Slim Straight (Yellow, XS)",Clothing,69.5,458.0,1108.0,Levi's,8.75,382.0,6/11/2023,yellow,77006.0
Monster High Doll (Red),Toys,24.99,157.0,1361.0,Mattel,8.5,684.0,8/5/2020,red,34011.39
"5 (512GB, White)",Smartphones,699.0,0.0,1249.0,OnePlus,8.75,608.0,10/25/2022,white,873051.0
Viper Mini (Black),Mice,39.99,0.0,1480.0,Razer,8.7,744.0,10/22/2025,black,59185.200000000004
"iPad Air (2020) (256GB, Red)",Tablets,749.0,21.0,1073.0,Apple,8.75,451.0,8/30/2025,red,803677.0
Andover Mills Bookcase (Purple),Furniture,150.0,31.0,705.0,Wayfair,7.85,236.0,7/24/2023,purple,105750.0
PlayStation 4 (Blue),Gaming Consoles,299.0,0.0,1920.0,Sony,8.75,503.0,6/6/2022,blue,574080.0
"Tab M8 (512GB, White)",Tablets,299.99,165.0,451.0,Lenovo,7.85,21.0,7/28/2020,white,135295.49
"Tech Shorts (Blue, S)",Clothing,35.0,257.0,1128.0,Under Armour,8.75,386.0,4/26/2024,blue,39480.0
"8T (1TB, Gray)",Smartphones,599.0,396.0,915.0,OnePlus,8.75,268.0,3/4/2021,gray,548085.0
"OLED G1 (55"", Green frame)",TVs,1799.0,0.0,718.0,LG,9.2,123.0,9/4/2025,green,1291682.0
"Q950TS 8K QLED (50"", Black frame)",TVs,1999.0,,1248.0,Samsung,9.2,669.0,1/22/2020,black,2494752.0
32X (Brown),Gaming Consoles,120.0,101.0,589.0,Sega,7.5,11.0,2/8/2024,brown,70680.0
"Galaxy Tab S7 (512GB, Brown)",Tablets,799.0,0.0,1037.0,Samsung,8.5,491.0,9/30/2023,brown,828563.0
"Air Force 1 (Black, EU 46)",Shoes,120.0,444.0,1185.0,Nike,8.75,472.0,5/19/2021,black,142200.0
"Classic Leather (Gray, EU 46)",Shoes,85.0,496.0,1206.0,Reebok,8.5,553.0,8/29/2024,gray,102510.0
The Grind Control (Red),Kitchen,299.95,60.0,1278.0,Breville,8.75,572.0,9/1/2020,red,383336.1
Ektorp Sofa (White),Furniture,399.0,0.0,737.0,IKEA,8.5,128.0,12/24/2024,white,294063.0
K70 RGB MK.2 (Orange),Keyboards,160.0,209.0,1211.0,Corsair,8.75,501.0,6/18/2024,orange,193760.0
"AirPods (3rd generation) (Wired, Brown)",Headphones,179.0,0.0,735.0,Apple,8.75,31.0,10/7/2024,red,131565.0
"Linen Blend Shirt (Green, XS)",Clothing,29.99,0.0,1069.0,H&M,8.2,481.0,7/22/2021,green,32059.309999999998
Air Hogs Super Soft (Gray),Toys,29.99,437.0,1031.0,Spin Master,8.25,420.0,6/13/2022,gray,30919.69
"TUF Gaming A15 (128GB, Blue)",Laptops,899.0,0.0,817.0,Asus,8.5,290.0,6/6/2025,blue,734483.0
Xbox Series X (Red),Gaming Consoles,499.0,0.0,1699.0,Microsoft,9.2,271.0,12/26/2024,red,847801.0
Magic Mouse 2 (Orange),Mice,79.0,0.0,743.0,Apple,8.5,90.0,2/28/2025,orange,58697.0
"50S535 (65"", Gray frame)",TVs,599.0,195.0,842.0,TCL,8.75,194.0,2/24/2020,gray,504358.0
K65 RGB Mini (Green),Keyboards,109.99,428.0,1065.0,Corsair,8.5,411.0,12/3/2023,green,117139.34999999999
"Tab P12 Pro (1TB, White)",Tablets,899.0,21.0,809.0,Lenovo,8.5,264.0,8/9/2022,white,727291.0
"QLED Q80A (75"", Purple frame)",TVs,1999.0,180.0,689.0,Samsung,8.7,275.0,7/9/2022,purple,1377311.0
Apex Raw (Blue),Keyboards,79.99,98.0,1249.0,SteelSeries,8.75,507.0,4/17/2023,blue,99907.51
"NMD R1 (Yellow, EU 38)",Shoes,140.0,0.0,1430.0,Adidas,8.75,697.0,1/16/2025,yellow,200200.0
G Pro Mechanical (Gray),Keyboards,129.99,4.0,1357.0,Logitech,8.75,624.0,5/20/2020,gray,176396.43000000002
Harry Potter Hogwarts Castle (71043) (Orange),Toys,469.99,0.0,1235.0,LEGO,9.6,331.0,8/11/2022,orange,580437.65
"Galaxy Tab S7 FE (256GB, Black)",Tablets,529.99,0.0,647.0,Samsung,8.6,39.0,7/23/2025,black,342903.53
Strandmon Wing Chair (Gray),Furniture,279.0,0.0,652.0,IKEA,8.6,7.0,8/6/2025,gray,181908.0
"AirPods (2nd generation) (Wired, Green)",Headphones,129.0,0.0,1143.0,Apple,8.7,435.0,8/11/2024,red,147447.0
Porter Panel Bed (Gray),Furniture,450.0,21.0,1227.0,Ashley Furniture,8.5,614.0,8/15/2025,gray,552150.0
"ZenBook 14 UX425 (128GB, Gray)",Laptops,799.0,67.0,898.0,Asus,8.5,355.0,10/9/2020,gray,717502.0
"Alphaskin Tights (Yellow, XS)",Clothing,40.0,97.0,1396.0,Adidas,8.5,706.0,9/12/2021,yellow,55840.0
"XPS 15 (9500) (64GB, Blue)",Laptops,2500.0,181.0,895.0,Dell,8.75,529.0,6/24/2023,blue,2237500.0
"WH-XB900N (Wired, Black)",Headphones,149.99,166.0,1516.0,Sony,8.75,772.0,8/2/2020,red,227384.84000000003
Mistana Armchair (Red),Furniture,300.0,0.0,926.0,Wayfair,8.5,295.0,11/22/2020,red,277800.0
"Launch SW 7"" Shorts (Green, XXL)",Clothing,35.0,412.0,1118.0,Under Armour,8.75,372.0,9/16/2022,green,39130.0
K380 (Brown),Keyboards,39.99,402.0,1034.0,Logitech,8.75,297.0,3/12/2021,brown,41349.66
"7 Pro (1TB, Green)",Smartphones,749.0,470.0,924.0,OnePlus,8.5,370.0,5/31/2020,green,692076.0
Bjursta Extendable Table (Red),Furniture,249.0,492.0,754.0,IKEA,8.5,127.0,8/23/2020,red,187746.0
"Redmi Note 11 (128GB, Purple)",Smartphones,220.0,311.0,1172.0,Xiaomi,8.5,522.0,9/1/2023,red,257840.0
VCS (2021) (White),Gaming Consoles,299.99,79.0,531.0,Atari,7.5,1.0,6/9/2025,white,159294.69
"Evolve2 65 (Wireless, Yellow)",Headphones,249.99,0.0,1376.0,Jabra,8.75,633.0,4/16/2020,yellow,343986.24
Pax Wardrobe (White),Furniture,500.0,150.0,603.0,IKEA,8.5,18.0,3/25/2020,white,301500.0
"Pro HyperWarm Top (Purple, M)",Clothing,60.0,0.0,1494.0,Nike,8.75,751.0,1/5/2021,purple,89640.0
G512 Carbon (Orange),Keyboards,99.99,148.0,727.0,Logitech,8.75,10.0,12/21/2025,orange,72692.73
Genesis Mini (Purple),Gaming Consoles,79.99,219.0,1941.0,Sega,8.75,493.0,1/9/2023,purple,155260.59
"iPad Air (2020) (256GB, White)",Tablets,749.0,,788.0,Apple,9.2,45.0,2/22/2020,white,590212.0
"MatePad T10 (64GB, Blue)",Tablets,150.0,162.0,581.0,Huawei,7.5,223.0,7/29/2022,blue,87150.0
Willenburg Upholstered Bed (Blue),Furniture,450.0,410.0,1332.0,Ashley Furniture,8.75,651.0,3/21/2021,red,599400.0
City Police Station (60141) (Red),Toys,99.99,59.0,877.0,LEGO,8.75,159.0,4/20/2024,red,87691.23
Wireless Mouse 900 (White),Mice,29.99,197.0,920.0,Microsoft,8.5,247.0,5/16/2025,white,27590.8
"Ultraboost 21 (Brown, EU 38)",Shoes,180.0,259.0,1325.0,Adidas,8.75,583.0,7/8/2024,brown,238500.0
Magic Trackpad (2021) (White),Mice,129.0,0.0,1251.0,Apple,8.75,524.0,8/13/2022,white,161379.0
"SoundLink Around-Ear II (Wireless, Purple)",Headphones,229.0,465.0,893.0,Bose,8.75,195.0,7/12/2021,purple,204497.0
Edge Water Computer Desk (Blue),Furniture,180.0,366.0,1440.0,Sauder,8.5,748.0,1/4/2024,blue,259200.0
Smart WiFi (Gray),Kitchen,49.99,291.0,1029.0,Instant Pot,8.75,291.0,6/11/2020,gray,51439.71
Monster High Doll (Purple),Toys,24.99,398.0,782.0,Mattel,8.75,55.0,10/11/2022,purple,19542.18
PlayStation Classic (Green),Gaming Consoles,100.0,0.0,1016.0,Sony,7.5,270.0,9/15/2024,green,101600.0
"Noise Cancelling Headphones 700 (Wireless, Yellow)",Headphones,379.0,271.0,738.0,Bose,8.75,62.0,8/24/2022,yellow,279702.0
Arc Mouse (Purple),Mice,79.99,0.0,1060.0,Microsoft,8.45,412.0,9/3/2024,purple,84789.4
Designer Compact Keyboard (Green),Keyboards,129.99,0.0,776.0,Microsoft,8.75,64.0,7/31/2020,green,100872.24
Apex Pro (Green),Keyboards,199.99,385.0,1058.0,SteelSeries,9.0,281.0,8/3/2022,green,211589.42
"Ribcage Straight Ankle (Green, XS)",Clothing,98.0,132.0,1226.0,Levi's,8.75,488.0,8/5/2025,green,120148.0
Sense (Black),Watches,299.95,60.0,704.0,Fitbit,8.75,709.0,9/3/2020,black,211164.8
"EliteBook 840 G6 (64GB, Gray)",Laptops,1200.0,361.0,706.0,HP,8.5,220.0,8/16/2025,gray,847200.0
Wired Keyboard 600 (Blue),Keyboards,25.0,0.0,873.0,Microsoft,8.5,197.0,1/5/2025,red,21825.0
"MacBook Pro 14 (2023) (128GB, Orange)",Laptops,1999.0,399.0,580.0,Apple,9.3,4.0,5/22/2025,orange,1159420.0
"WH-CH710N (Wired, Brown)",Headphones,99.99,159.0,807.0,Sony,8.35,203.0,5/2/2021,red,80691.93
Foodi Multi-Cooker (Purple),Kitchen,249.99,84.0,1357.0,Ninja,8.7,660.0,5/1/2022,purple,339236.43
Apex 7 (Green),Keyboards,130.0,0.0,1030.0,SteelSeries,9.2,179.0,3/8/2022,green,133900.0
"Zig Kinetica (Blue, EU 44)",Shoes,120.0,463.0,1345.0,Reebok,8.35,707.0,1/21/2024,blue,161400.0
"IdeaPad 5 (1TB, White)",Laptops,850.0,0.0,633.0,Lenovo,8.25,162.0,8/13/2021,white,538050.0
"Mate 40 (1TB, Black)",Smartphones,1299.0,75.0,1181.0,Huawei,8.5,700.0,7/31/2020,black,1534119.0
"990v5 (Green, EU 39)",Shoes,185.0,325.0,1249.0,New Balance,8.75,549.0,6/10/2021,green,231065.0
"MacBook Air (2017) (512GB, White)",Laptops,750.0,171.0,1018.0,Apple,8.5,455.0,7/29/2025,white,763500.0
Baby Learning Table (Blue),Toys,39.99,49.0,1026.0,Fisher-Price,8.75,285.0,1/11/2024,blue,41029.740000000005
G213 Prodigy (Gray),Keyboards,49.99,105.0,853.0,Logitech,8.75,118.0,8/22/2022,gray,42641.47
Battleship (Blue),Toys,24.99,0.0,1356.0,Hasbro,8.75,624.0,10/17/2024,blue,33886.439999999995
"AirPods Max (Wireless, Red)",Headphones,549.0,17.0,1217.0,Apple,8.7,569.0,6/28/2024,red,668133.0
"IdeaPad Duet 3 (1TB, Orange)",Tablets,499.99,423.0,932.0,Lenovo,8.2,409.0,2/11/2022,orange,465990.68
"ZenBook Duo 14 (64GB, Gray)",Laptops,1800.0,313.0,554.0,Asus,8.75,100.0,12/7/2024,gray,997200.0
Ornata Chroma (Black),Keyboards,99.99,0.0,740.0,Razer,8.75,25.0,12/4/2020,black,73992.59999999999
"Surface Pro 8 (1TB, Brown)",Tablets,1699.0,208.0,665.0,Microsoft,8.85,164.0,4/22/2020,brown,1129835.0
"CrossFit Nano 9 (Yellow, EU 46)",Shoes,130.0,0.0,1137.0,Reebok,8.75,402.0,2/6/2021,yellow,147810.0
Etch A Sketch (Gray),Toys,15.99,200.0,1039.0,Spin Master,8.5,371.0,10/30/2022,gray,16613.61
"Adizero Adios Pro (Blue, EU 40)",Shoes,250.0,152.0,757.0,Adidas,8.75,53.0,4/2/2022,blue,189250.0
Xbox 360 Elite (Green),Gaming Consoles,250.0,32.0,1363.0,Microsoft,7.5,494.0,10/6/2023,green,340750.0
"Beats Flex (Wireless, Black)",Headphones,69.99,336.0,662.0,Apple,8.5,14.0,12/1/2023,black,46333.38
"P40 Pro (1TB, Brown)",Smartphones,1199.0,307.0,816.0,Huawei,8.4,356.0,8/25/2023,brown,978384.0
"MatePad T8 (512GB, Red)",Tablets,150.0,235.0,683.0,Huawei,7.5,319.0,6/7/2022,red,102450.0
Palladia Armoire (Yellow),Furniture,399.99,297.0,631.0,Sauder,8.45,47.0,9/24/2023,yellow,252393.69
"Samba (Gray, EU 46)",Shoes,100.0,172.0,1020.0,Adidas,9.2,179.0,10/22/2025,gray,102000.0
K70 RGB MK.2 (Purple),Keyboards,159.99,0.0,1108.0,Corsair,9.25,265.0,12/5/2023,purple,177268.92
"Storm Cyclone Jacket (Black, XL)",Clothing,150.0,0.0,1236.0,Under Armour,8.75,531.0,11/27/2022,black,185400.0
DeathAdder V2 (Purple),Mice,69.99,0.0,793.0,Razer,8.75,69.0,3/24/2025,purple,55502.06999999999
PlayStation 3 (Green),Gaming Consoles,100.0,0.0,1178.0,Sony,7.5,367.0,10/12/2024,green,117800.0
Wireless Mobile Mouse 4000 (Brown),Mice,29.99,0.0,776.0,Microsoft,8.2,191.0,11/2/2024,brown,23272.239999999998
"SB Icon Hoodie (Blue, L)",Clothing,65.0,305.0,897.0,Nike,8.75,179.0,10/8/2022,blue,58305.0
Battleship (Purple),Toys,24.99,0.0,849.0,Hasbro,8.5,183.0,5/25/2025,purple,21216.51
Hot and Cold Brewed System (Green),Kitchen,159.99,231.0,1341.0,Ninja,9.2,494.0,11/29/2024,green,214546.59000000003
Luxe (Gray),Watches,129.95,0.0,382.0,Fitbit,8.5,121.0,10/6/2021,gray,49640.899999999994
2-Slice Toaster (Gray),Kitchen,49.99,0.0,1301.0,KitchenAid,8.5,628.0,1/31/2024,gray,65036.990000000005
"OLED CX (55"", Gray frame)",TVs,1399.0,0.0,1126.0,LG,9.2,464.0,2/14/2020,gray,1575274.0
"Surface Go (256GB, Red)",Tablets,549.99,0.0,996.0,Microsoft,8.5,412.0,5/14/2023,red,547790.04
MX Master 2S (Purple),Mice,75.0,87.0,1076.0,Logitech,8.75,338.0,8/30/2025,purple,80700.0
Surface Mobile Mouse (Orange),Mice,34.99,349.0,1058.0,Microsoft,8.5,396.0,8/20/2020,orange,37019.420000000006
"Surface Go 2 (1TB, Orange)",Tablets,799.99,465.0,1250.0,Microsoft,8.5,669.0,3/12/2023,orange,999987.5
"511 Slim Jeans (Purple, M)",Clothing,69.5,0.0,1502.0,Levi's,8.75,746.0,8/6/2022,purple,104389.0
"Smash (Purple, EU 39)",Shoes,60.0,369.0,782.0,Puma,8.2,217.0,12/26/2020,purple,46920.0
Aerox 5 Wireless (Yellow),Mice,129.99,141.0,1480.0,SteelSeries,8.75,732.0,4/15/2022,yellow,192385.2
"SoundTrue Ultra (Wired, Blue)",Headphones,129.95,60.0,1011.0,Bose,8.75,295.0,1/31/2025,red,131379.44999999998
"MatePad T8 (256GB, Green)",Tablets,169.0,99.0,620.0,Huawei,7.5,271.0,11/21/2022,green,104780.0
Galaxy Fit (Black),Watches,99.99,270.0,653.0,Samsung,8.5,644.0,11/21/2024,black,65293.469999999994
Charge 4 (Black),Watches,129.95,58.0,454.0,Fitbit,8.4,275.0,6/4/2022,black,58997.299999999996
"iPad Pro 11 (2020) (64GB, Black)",Tablets,799.0,0.0,996.0,Apple,9.5,171.0,8/24/2023,black,795804.0
Malm Bed Frame (Purple),Furniture,249.0,0.0,559.0,IKEA,8.25,8.0,2/9/2025,purple,139191.0
Connect 4 (Purple),Toys,9.99,0.0,920.0,Hasbro,8.5,251.0,1/21/2024,purple,9190.800000000001
"RC Elite (Blue, EU 38)",Shoes,225.0,258.0,1033.0,New Balance,8.75,320.0,12/29/2024,blue,232425.0
Magic Mouse 2 (Brown),Mice,79.0,344.0,904.0,Apple,8.5,246.0,9/21/2023,brown,71416.0
"55R635 (43"", Black frame)",TVs,350.0,0.0,807.0,TCL,8.75,127.0,10/21/2024,black,282450.0
Food Processor KFP1466 (Purple),Kitchen,299.99,0.0,1443.0,KitchenAid,8.75,748.0,4/10/2025,purple,432885.57
Surface Mobile Mouse (Blue),Mice,34.99,0.0,1333.0,Microsoft,8.2,726.0,2/10/2020,blue,46641.670000000006
"Alienware m15 R3 (256GB, Black)",Laptops,1300.0,467.0,1093.0,Dell,8.5,607.0,5/15/2020,black,1420900.0
"Sportswear Club Fleece Joggers (White, XS)",Clothing,50.0,291.0,1420.0,Nike,8.75,663.0,1/23/2024,white,71000.0
"MacBook Air M2 (2022) (256GB, Orange)",Laptops,1099.0,51.0,1386.0,Apple,8.75,799.0,1/20/2020,orange,1523214.0
Fenix 7 (Orange),Watches,699.0,5.0,638.0,Garmin,9.25,491.0,5/10/2020,orange,445962.0
Sculpt Comfort Mouse (Black),Mice,29.99,0.0,1409.0,Microsoft,8.5,732.0,6/18/2024,black,42255.909999999996
"Galaxy Tab S7 (512GB, Yellow)",Tablets,749.99,69.0,1091.0,Samsung,8.8,455.0,10/6/2025,yellow,818239.09
"Yoga Smart Tab (256GB, Brown)",Tablets,300.0,0.0,724.0,Lenovo,8.5,109.0,9/24/2020,brown,217200.0
"50S535 (65"", Brown frame)",TVs,699.99,296.0,1070.0,TCL,8.75,439.0,8/15/2025,brown,748989.3
"Bravia A90J (55"", Blue frame)",TVs,1999.99,0.0,1149.0,Sony,9.3,536.0,12/17/2020,blue,2297988.5100000002
Aerox 5 Wireless (Green),Mice,139.99,364.0,1530.0,SteelSeries,8.75,790.0,2/21/2021,green,214184.7
G-Shock GA2100 (White),Watches,99.0,0.0,612.0,Casio,8.75,484.0,1/5/2020,white,60588.0
Computer Desk (Green),Furniture,129.99,430.0,916.0,Sauder,8.25,345.0,12/18/2023,green,119070.84000000001
Operation (Blue),Toys,19.99,490.0,707.0,Hasbro,8.45,61.0,10/10/2022,blue,14132.929999999998
"Legacy Lifter (Yellow, EU 44)",Shoes,200.0,0.0,1391.0,Reebok,8.75,687.0,6/28/2022,yellow,278200.0
"Evolve2 85 (Wired, Black)",Headphones,249.0,141.0,1116.0,Jabra,8.75,405.0,9/13/2020,red,277884.0
"Manchester United Home Jersey (Red, S)",Clothing,90.0,4.0,1389.0,Adidas,8.75,633.0,12/20/2023,red,125010.0
Darcy Sofa (Green),Furniture,549.99,0.0,779.0,Ashley Furniture,8.75,119.0,1/27/2021,green,428442.21
Brilliant Basics Corn Popper (Red),Toys,10.99,0.0,1429.0,Fisher-Price,8.5,747.0,8/7/2022,red,15704.710000000001
Precision Brewer (Green),Kitchen,299.95,0.0,685.0,Breville,8.75,1.0,7/11/2025,green,205465.75
Transformers Bumblebee (Black),Toys,24.99,32.0,1116.0,Hasbro,8.75,360.0,1/14/2023,black,27888.839999999997
"MacBook Air (2019) (512GB, Green)",Laptops,1099.0,177.0,1310.0,Apple,8.75,713.0,12/7/2021,green,1439690.0
Mamba Elite (Brown),Mice,89.99,63.0,959.0,Razer,8.75,240.0,11/24/2020,brown,86300.40999999999
"P20 (512GB, Purple)",Smartphones,749.0,0.0,1243.0,Huawei,8.5,666.0,10/25/2023,purple,931007.0
Three Posts Reistville Panel Bed (Red),Furniture,250.0,396.0,1000.0,Wayfair,8.5,375.0,10/13/2024,red,250000.0
"65PUS8504 (55"", Brown frame)",TVs,700.0,417.0,1074.0,Philips,8.5,495.0,11/24/2020,brown,751800.0
PS TV (Blue),Gaming Consoles,99.99,346.0,2251.0,Sony,8.5,729.0,2/9/2023,blue,225077.49
G Pro Wireless (White),Mice,129.99,0.0,1527.0,Logitech,9.25,648.0,11/19/2024,white,198494.73
PSP (Brown),Gaming Consoles,120.0,71.0,1206.0,Sony,8.75,39.0,9/8/2024,brown,144720.0
"Workout Plus (Gray, EU 42)",Shoes,85.0,0.0,1015.0,Reebok,8.5,351.0,11/6/2023,gray,86275.0
G-Shock GA700 (White),Watches,99.0,440.0,517.0,Casio,7.5,658.0,6/9/2024,white,51183.0
"Originals Trefoil Hoodie (Orange, L)",Clothing,65.0,262.0,1295.0,Adidas,8.75,569.0,4/25/2025,orange,84175.0
"Yoga Slim 7 (512GB, Red)",Laptops,950.0,369.0,604.0,Lenovo,8.75,22.0,7/31/2024,red,573800.0
"Galaxy Tab S7 FE (64GB, Brown)",Tablets,449.99,0.0,789.0,Samsung,7.8,367.0,11/22/2023,brown,355042.11
Sorry! (Brown),Toys,9.99,0.0,1343.0,Hasbro,8.5,659.0,6/18/2023,brown,13416.57
"5-Series S546 (65"", Gray frame)",TVs,699.0,340.0,587.0,TCL,8.45,52.0,3/13/2021,gray,410313.0
Porter Panel Bed (Red),Furniture,500.0,0.0,1119.0,Ashley Furniture,8.5,513.0,8/30/2024,red,559500.0
"iPhone 13 (128GB, White)",Smartphones,699.0,235.0,1463.0,Apple,9.2,713.0,3/13/2025,white,1022637.0
"iPhone X (512GB, Green)",Smartphones,999.0,245.0,585.0,Apple,8.75,11.0,4/20/2025,green,584415.0
"4-Series 55S435 (50"", Green frame)",TVs,299.99,0.0,756.0,TCL,7.8,322.0,7/26/2022,green,226792.44
Pico (Purple),Gaming Consoles,100.0,0.0,1467.0,Sega,7.5,531.0,10/24/2021,purple,146700.0
"Bravia X950H (65"", Black frame)",TVs,1199.0,325.0,950.0,Sony,8.75,403.0,3/13/2025,black,1139050.0
"Galaxy S20 (512GB, Brown)",Smartphones,1199.0,0.0,660.0,Samsung,8.75,117.0,11/16/2022,brown,791340.0
Master Prep Professional (Brown),Kitchen,49.99,363.0,795.0,Ninja,8.75,67.0,7/4/2020,brown,39742.05
Natural Ergonomic Keyboard 4000 (Gray),Keyboards,49.99,0.0,1149.0,Microsoft,8.5,466.0,8/26/2025,gray,57438.51
Cottage Road Coffee Table (White),Furniture,150.0,423.0,705.0,Sauder,8.25,134.0,6/15/2021,white,105750.0
"ThinkPad X1 Carbon (7th Gen) (256GB, Red)",Laptops,1100.0,0.0,592.0,Lenovo,8.75,30.0,6/21/2023,red,651200.0
Edge Water Computer Desk (Green),Furniture,200.0,296.0,1223.0,Sauder,8.5,553.0,8/1/2024,green,244600.0
"Galaxy Tab Active3 (256GB, Red)",Tablets,650.0,270.0,880.0,Samsung,8.25,395.0,6/10/2025,red,572000.0
7800 (Green),Gaming Consoles,199.99,54.0,1544.0,Atari,8.75,269.0,3/23/2020,green,308784.56
Technic Bugatti Chiron (42083) (Green),Toys,349.99,483.0,978.0,LEGO,9.45,107.0,10/5/2020,green,342290.22000000003
Bluetooth Keyboard (Brown),Keyboards,49.99,498.0,1529.0,Microsoft,8.75,773.0,8/4/2021,blue,76434.71
Monster Jam RC (Gray),Toys,79.99,69.0,876.0,Spin Master,8.5,233.0,3/26/2023,gray,70071.23999999999
"Rox Wireless (Wired, Orange)",Headphones,79.99,0.0,1230.0,Jabra,8.4,571.0,7/18/2020,red,98387.7
"Air Force 1 (Red, EU 42)",Shoes,120.0,469.0,1014.0,Nike,8.75,293.0,5/15/2020,red,121680.0
"iPad Pro 12.9 (2021) (1TB, White)",Tablets,1799.0,0.0,888.0,Apple,9.55,196.0,2/2/2021,white,1597512.0
Game Boy Advance (Orange),Gaming Consoles,80.0,409.0,1328.0,Nintendo,8.5,169.0,1/5/2025,orange,106240.0
Nutri Pro Blender (Green),Kitchen,89.99,216.0,1136.0,Ninja,8.75,395.0,2/15/2022,green,102228.64
"Pro Tights (Blue, XXL)",Clothing,65.0,421.0,776.0,Nike,8.75,56.0,5/5/2020,blue,50440.0
"Bravia X90J (75"", Black frame)",TVs,2199.0,0.0,597.0,Sony,8.8,185.0,9/24/2023,black,1312803.0
"Condivo 20 Training Top (Yellow, XXL)",Clothing,60.0,319.0,1182.0,Adidas,8.5,498.0,1/16/2022,yellow,70920.0
K70 Pro Mini Wireless (Gray),Keyboards,179.99,42.0,937.0,Corsair,8.75,231.0,3/29/2021,gray,168650.63
Surface Keyboard (Brown),Keyboards,99.99,0.0,1005.0,Microsoft,8.5,340.0,11/10/2025,brown,100489.95
"65R635 (43"", Red frame)",TVs,449.0,431.0,844.0,TCL,8.75,180.0,6/19/2025,red,378956.0
"Surface Go 3 (256GB, Yellow)",Tablets,599.0,180.0,1193.0,Microsoft,7.8,798.0,8/28/2025,yellow,714607.0
"Cali (Green, EU 46)",Shoes,85.0,0.0,758.0,Puma,8.25,174.0,11/11/2024,green,64430.0
"ThinkPad X12 Detachable (64GB, Brown)",Tablets,1200.0,405.0,1078.0,Lenovo,8.75,501.0,5/17/2020,brown,1293600.0
Approach S62 (Purple),Watches,499.99,0.0,553.0,Garmin,9.2,316.0,1/25/2025,purple,276494.47000000003
"Galaxy S22 (128GB, Gray)",Smartphones,699.0,0.0,1137.0,Samsung,8.75,487.0,6/4/2023,gray,794763.0
"Surface Pro 7+ (256GB, Blue)",Tablets,1199.0,239.0,1031.0,Microsoft,8.5,534.0,5/9/2021,blue,1236169.0
"Cortez (Red, EU 44)",Shoes,90.0,0.0,1183.0,Nike,8.75,452.0,7/6/2025,red,106470.0
G512 Carbon (Red),Keyboards,99.0,433.0,915.0,Logitech,8.75,200.0,4/26/2023,red,90585.0
"AirPods (1st generation) (Wired, Orange)",Headphones,129.0,0.0,1097.0,Apple,7.8,627.0,6/22/2020,red,141513.0
"CrossFit Nano 9 (White, EU 44)",Shoes,130.0,390.0,1046.0,Reebok,8.75,322.0,3/15/2020,white,135980.0
"ThinkPad X1 Carbon (7th Gen) (128GB, Green)",Laptops,1200.0,128.0,601.0,Lenovo,8.75,59.0,3/8/2022,green,721200.0
"Denim Jacket (Green, M)",Clothing,39.99,236.0,1212.0,H&M,8.25,601.0,5/19/2025,green,48467.880000000005
"55OLED806 (75"", Green frame)",TVs,2499.0,143.0,756.0,Philips,8.55,445.0,7/30/2023,green,1889244.0
Rubik's Cube (Brown),Toys,9.99,223.0,1334.0,Spin Master,8.5,660.0,12/6/2024,brown,13326.66
"iPad mini (2021) (64GB, Green)",Tablets,499.0,0.0,1298.0,Apple,9.0,572.0,12/4/2022,green,647702.0
PSP (White),Gaming Consoles,120.0,33.0,1464.0,Sony,8.5,270.0,5/14/2021,white,175680.0
Ektorp Sofa (Yellow),Furniture,499.0,447.0,807.0,IKEA,8.3,271.0,11/12/2020,yellow,402693.0
K400 Plus (Green),Keyboards,34.99,0.0,1213.0,Logitech,8.5,553.0,6/28/2025,green,42442.87
"XPS 13 (9370) (1TB, Black)",Laptops,1299.0,281.0,616.0,Dell,8.7,100.0,6/25/2023,black,800184.0
"8 (1TB, Brown)",Smartphones,899.0,454.0,894.0,OnePlus,8.75,298.0,3/13/2020,brown,803706.0
G502 HERO (Gray),Mice,49.99,0.0,1075.0,Logitech,9.25,200.0,3/18/2021,gray,53739.25
"530 (Black, EU 42)",Shoes,99.99,0.0,1152.0,New Balance,8.75,419.0,6/29/2021,black,115188.48
Caper Chair (Red),Furniture,395.0,298.0,1034.0,Herman Miller,8.75,358.0,2/28/2024,red,408430.0
"Galaxy S21 (128GB, Blue)",Smartphones,699.0,182.0,695.0,Samsung,8.75,74.0,9/1/2025,blue,485805.0
"Basic Hoodie (Blue, XXL)",Clothing,34.99,416.0,967.0,H&M,7.8,486.0,12/15/2025,blue,33835.33
Saturn (Green),Gaming Consoles,120.0,371.0,1872.0,Sega,8.5,483.0,3/21/2021,green,224640.0
Wireless Mouse 900 (Red),Mice,24.99,140.0,694.0,Microsoft,8.5,39.0,6/18/2024,red,17343.059999999998
"Pleated Skirt (Yellow, XL)",Clothing,29.99,120.0,548.0,H&M,7.85,72.0,3/13/2021,yellow,16434.52
KSB1570ER 5-Speed Blender (Green),Kitchen,99.99,117.0,781.0,KitchenAid,8.75,58.0,6/1/2021,green,78092.19
"10 Pro (512GB, Brown)",Smartphones,849.0,0.0,1291.0,OnePlus,8.75,650.0,12/12/2023,brown,1096059.0
"MacBook Pro 14 (2021) (128GB, Black)",Laptops,1999.0,0.0,1102.0,Apple,9.25,501.0,2/11/2021,black,2202898.0
"Tiro 21 Track Pants (Orange, XL)",Clothing,50.0,320.0,1194.0,Adidas,8.75,438.0,2/2/2024,orange,59700.0
"Galaxy Tab S5e (64GB, Orange)",Tablets,350.0,0.0,1032.0,Samsung,8.5,410.0,12/4/2020,orange,361200.0
Little People School Bus (Green),Toys,14.99,147.0,1556.0,Fisher-Price,9.15,697.0,4/4/2020,green,23324.44
"Club C 85 (Black, EU 40)",Shoes,85.0,335.0,774.0,Reebok,8.5,118.0,11/21/2024,black,65790.0
Barista Express (Blue),Kitchen,699.95,306.0,1008.0,Breville,9.2,253.0,10/5/2025,blue,705549.6000000001
"Sport Earbuds (Wireless, Red)",Headphones,179.0,439.0,1452.0,Bose,9.2,591.0,5/28/2021,red,259908.0
Cold Brew Coffee Maker (Black),Kitchen,89.99,11.0,1384.0,KitchenAid,8.75,658.0,3/30/2023,black,124546.15999999999
Rubik's Cube (Blue),Toys,9.99,128.0,844.0,Spin Master,8.47,196.0,5/22/2023,blue,8431.56
Basilisk V3 (White),Mice,69.99,1.0,1334.0,Razer,8.75,579.0,6/17/2024,white,93366.65999999999
"70PUS8505 (75"", Red frame)",TVs,1200.0,490.0,942.0,Philips,8.5,460.0,1/6/2024,red,1130400.0
5-Shelf Bookcase (Brown),Furniture,130.0,133.0,804.0,Sauder,8.5,164.0,10/30/2025,brown,104520.0
"Redmi Note 9 (1TB, White)",Smartphones,399.0,0.0,1008.0,Xiaomi,8.3,436.0,1/31/2025,red,402192.0
Kinetic Sand (Green),Toys,10.99,440.0,1358.0,Spin Master,8.75,618.0,1/28/2024,green,14924.42
Sense (Red),Watches,299.95,331.0,547.0,Fitbit,8.75,396.0,12/17/2020,red,164072.65
"ExpertBook B9 (128GB, Orange)",Laptops,1500.0,375.0,1183.0,Asus,8.75,672.0,1/8/2020,orange,1774500.0
Xbox 360 Arcade (Blue),Gaming Consoles,199.99,0.0,1722.0,Microsoft,7.5,711.0,9/4/2024,blue,344382.78
Wired Keyboard 600 (Gray),Keyboards,19.99,426.0,1341.0,Microsoft,8.5,666.0,5/29/2020,red,26806.589999999997
Xbox 360 Arcade (Orange),Gaming Consoles,99.99,99.0,1157.0,Microsoft,7.8,264.0,4/26/2022,orange,115688.43
"8-Series Q825 (65"", Black frame)",TVs,1099.0,290.0,812.0,TCL,8.3,373.0,5/9/2024,black,892388.0
BlackWidow Lite (Orange),Keyboards,89.99,0.0,742.0,Razer,8.6,59.0,1/15/2020,black,66772.58
Sense (Brown),Watches,299.95,0.0,431.0,Fitbit,8.75,177.0,2/12/2023,brown,129278.45
"Zoom Freak 3 (Black, EU 38)",Shoes,120.0,477.0,730.0,Nike,8.75,20.0,10/25/2025,black,87600.0
"Faux Leather Biker Jacket (Orange, L)",Clothing,49.99,224.0,1085.0,H&M,7.75,623.0,3/13/2021,orange,54239.15
"Iso-Chill Shorts (Brown, XS)",Clothing,35.0,356.0,1189.0,Under Armour,8.5,511.0,2/7/2021,brown,41615.0
MX Master 3 (Blue),Mice,99.99,162.0,1100.0,Logitech,9.2,251.0,12/15/2024,blue,109989.0
"Galaxy Tab S7 FE (1TB, Orange)",Tablets,799.0,0.0,1010.0,Samsung,8.5,454.0,6/4/2020,orange,806990.0
"AirPods (3rd generation) (Wireless, Gray)",Headphones,169.0,0.0,1348.0,Apple,8.75,636.0,3/20/2023,gray,227812.0
USB Mouse (Yellow),Mice,29.99,326.0,1204.0,Apple,8.3,579.0,9/15/2025,yellow,36107.96
"Mi 11 (64GB, Green)",Smartphones,400.0,204.0,961.0,Xiaomi,8.5,332.0,5/15/2021,green,384400.0
"Bravia X900H (65"", Yellow frame)",TVs,1099.99,195.0,856.0,Sony,8.75,271.0,1/1/2023,yellow,941591.4400000001
"RS-X3 (Blue, EU 39)",Shoes,110.0,0.0,793.0,Puma,8.25,203.0,11/19/2024,blue,87230.0
"iPad Pro 12.9 (2021) (512GB, Green)",Tablets,1299.0,343.0,1402.0,Apple,9.2,699.0,3/3/2025,green,1821198.0
"6T (64GB, Gray)",Smartphones,299.0,0.0,656.0,OnePlus,8.5,44.0,5/31/2020,gray,196144.0
Aerox 5 Wireless (Gray),Mice,119.99,438.0,1271.0,SteelSeries,8.75,544.0,11/17/2023,gray,152507.28999999998
Viva (Green),Kitchen,129.99,0.0,1154.0,Instant Pot,8.75,436.0,10/23/2020,green,150008.46000000002
Watch Series 7 (Brown),Watches,399.0,430.0,774.0,Apple,9.2,721.0,10/9/2020,brown,308826.0
Watch Series 4 (Black),Watches,399.0,0.0,610.0,Apple,8.75,535.0,5/4/2023,black,243390.0
"Smash (Black, EU 46)",Shoes,60.0,0.0,1376.0,Puma,8.5,712.0,5/18/2020,black,82560.0
BlackWidow Elite (Red),Keyboards,129.99,0.0,1211.0,Razer,8.75,474.0,10/27/2020,red,157417.89
Classic Brick Set (10717) (Orange),Toys,49.99,86.0,1262.0,LEGO,9.2,381.0,3/15/2021,orange,63087.380000000005
"MacBook Pro 16 (2021) (128GB, Yellow)",Laptops,2399.0,55.0,609.0,Apple,8.75,248.0,6/8/2023,yellow,1460991.0
"P30 (128GB, Purple)",Smartphones,350.0,218.0,1067.0,Huawei,8.0,577.0,5/11/2024,purple,373450.0
Xbox (Blue),Gaming Consoles,299.99,461.0,1482.0,Microsoft,8.75,236.0,2/5/2021,blue,444585.18
"ThinkBook 15 (64GB, Black)",Laptops,1200.0,0.0,719.0,Lenovo,8.5,239.0,2/8/2021,black,862800.0
Apex Raw (Gray),Keyboards,129.99,250.0,1384.0,SteelSeries,8.65,698.0,4/3/2021,gray,179906.16
Mercury Row Merwin TV Stand (Orange),Furniture,250.0,0.0,1413.0,Wayfair,8.75,684.0,10/15/2023,orange,353250.0
G-Shock DW5600 (Gray),Watches,100.0,266.0,588.0,Casio,8.45,520.0,1/25/2021,gray,58800.0
"Elite Active 75t (Wireless, Brown)",Headphones,150.0,478.0,1537.0,Jabra,8.75,807.0,5/27/2025,brown,230550.0
"iPhone 13 (256GB, White)",Smartphones,899.0,19.0,1010.0,Apple,9.3,243.0,6/9/2024,white,907990.0
Polly Pocket (Orange),Toys,14.99,333.0,977.0,Mattel,8.75,234.0,1/4/2020,orange,14645.23
Lancehead TE (Yellow),Mice,79.99,0.0,966.0,Razer,8.75,249.0,5/15/2022,yellow,77270.34
Watch Series 6 (Yellow),Watches,399.0,346.0,488.0,Apple,8.75,299.0,7/18/2024,yellow,194712.0
Game Boy Advance (Gray),Gaming Consoles,80.0,54.0,1280.0,Nintendo,8.5,150.0,8/18/2022,gray,102400.0
Jenga (White),Toys,19.99,0.0,1081.0,Hasbro,8.5,409.0,8/17/2021,white,21609.19
Paw Patrol Mighty Lookout Tower (Black),Toys,129.99,0.0,1011.0,Spin Master,8.65,312.0,5/21/2024,black,131419.89
"Workout Plus (Red, EU 46)",Shoes,80.0,196.0,1495.0,Reebok,8.75,730.0,9/4/2020,red,119600.0
Watch Series 2 (White),Watches,249.0,87.0,426.0,Apple,8.5,222.0,7/1/2023,white,106074.0
Watch Series 8 (Yellow),Watches,399.0,0.0,570.0,Apple,8.6,496.0,6/27/2023,yellow,227430.0
Shoal Creek Dresser (Brown),Furniture,250.0,178.0,1129.0,Sauder,8.5,500.0,4/4/2022,brown,282250.0
Juice Fountain Elite (Yellow),Kitchen,299.95,452.0,1201.0,Breville,8.75,504.0,7/31/2024,yellow,360239.95
"Disc Blaze (Orange, EU 46)",Shoes,120.0,347.0,788.0,Puma,8.3,204.0,3/25/2021,orange,94560.0
Magic Mouse (Late 2022) (Red),Mice,99.0,254.0,846.0,Apple,8.5,192.0,7/18/2021,red,83754.0
"AirPods (1st generation) (Wired, Gray)",Headphones,50.0,0.0,1021.0,Apple,7.5,617.0,5/19/2024,red,51050.0
Air Fryer XXL (Yellow),Kitchen,249.99,474.0,979.0,Philips,9.25,142.0,9/24/2021,yellow,244740.21000000002
Inspire HR (Blue),Watches,99.95,283.0,399.0,Fitbit,8.5,146.0,8/10/2023,blue,39880.05
"MDR-7506 (Wired, Purple)",Headphones,99.99,0.0,1290.0,Sony,9.2,413.0,7/17/2022,red,128987.09999999999
"Momentum 2.0 (Wireless, Purple)",Headphones,300.0,112.0,735.0,Sennheiser,8.75,52.0,10/26/2020,purple,220500.0
Flashback Portable (White),Gaming Consoles,49.99,103.0,1702.0,Atari,7.5,673.0,12/3/2022,white,85082.98000000001
"IdeaPad Duet Chromebook (512GB, Brown)",Tablets,499.0,73.0,1379.0,Lenovo,8.5,756.0,10/6/2020,brown,688121.0
Apex 3 (White),Keyboards,49.99,0.0,726.0,SteelSeries,8.75,2.0,1/9/2023,white,36292.74
MX Master (Black),Mice,99.99,474.0,1287.0,Logitech,9.25,424.0,7/30/2023,black,128687.12999999999
"12 (256GB, Gray)",Smartphones,250.0,,772.0,Xiaomi,8.5,141.0,7/5/2023,gray,193000.0
"Sherpa Trucker Jacket (Blue, XL)",Clothing,98.0,276.0,1031.0,Levi's,8.75,308.0,9/13/2023,blue,101038.0
"Stan Smith (Purple, EU 42)",Shoes,100.0,0.0,955.0,Adidas,8.75,230.0,12/25/2023,purple,95500.0
DeathAdder Essential (Gray),Mice,30.0,0.0,1027.0,Razer,8.5,353.0,5/1/2023,gray,30810.0
"Rival Fleece Hoodie (Black, XXL)",Clothing,55.0,124.0,1173.0,Under Armour,8.7,458.0,2/12/2020,black,64515.0
Mega Drive Mini (Blue),Gaming Consoles,79.99,0.0,2192.0,Sega,8.75,625.0,1/28/2020,blue,175338.08
"5-Series S546 (50"", Black frame)",TVs,429.99,0.0,1134.0,TCL,8.45,527.0,9/19/2023,black,487608.66000000003
Computer Desk (Brown),Furniture,149.99,437.0,1094.0,Sauder,8.75,370.0,8/3/2025,brown,164089.06
"HD 800S (Wireless, Blue)",Headphones,1699.0,93.0,693.0,Sennheiser,9.5,11.0,9/3/2023,blue,1177407.0
Billy Bookcase (Gray),Furniture,79.99,0.0,1090.0,IKEA,8.75,358.0,6/18/2024,gray,87189.09999999999
Huntsman Mini (Blue),Keyboards,129.99,304.0,704.0,Razer,8.5,59.0,9/27/2024,blue,91512.96
G903 Lightspeed (Green),Mice,129.99,0.0,1592.0,Logitech,9.2,745.0,5/10/2024,green,206944.08000000002
Apex Raw (Green),Keyboards,200.0,0.0,1347.0,SteelSeries,8.75,609.0,4/5/2021,green,269400.0
BlackWidow V3 (Blue),Keyboards,139.99,25.0,1127.0,Razer,8.75,407.0,2/19/2020,blue,157768.73
Sand & Stable Bar Stool (Black),Furniture,130.0,327.0,1422.0,Wayfair,8.5,745.0,11/17/2024,black,184860.0
Precision Brewer (Red),Kitchen,299.95,0.0,1467.0,Breville,9.2,646.0,8/29/2024,red,440026.64999999997
Laugh & Learn Smart Stages Puppy (Black),Toys,24.99,322.0,1282.0,Fisher-Price,9.2,413.0,10/10/2022,black,32037.179999999997
Smart WiFi (Black),Kitchen,89.99,0.0,753.0,Instant Pot,8.75,40.0,2/7/2023,black,67762.47
"Beats Flex (Wireless, Gray)",Headphones,69.99,223.0,815.0,Apple,8.5,170.0,7/14/2024,gray,57041.85
"WH-1000XM3 (Wired, Purple)",Headphones,199.99,0.0,1245.0,Sony,8.75,520.0,8/18/2022,red,248987.55000000002
Nutri Pro Blender (White),Kitchen,139.99,456.0,791.0,Ninja,8.8,61.0,8/26/2025,white,110732.09000000001
K63 Wireless (Orange),Keyboards,89.99,0.0,1115.0,Corsair,8.5,471.0,7/23/2023,orange,100338.84999999999
"Galaxy S21 (256GB, Purple)",Smartphones,749.0,0.0,1381.0,Samsung,8.9,680.0,1/14/2022,purple,1034369.0
Xbox One X (Purple),Gaming Consoles,499.99,292.0,1547.0,Microsoft,8.75,291.0,8/16/2022,purple,773484.53
"Air Max 90 (Orange, EU 46)",Shoes,120.0,428.0,1609.0,Nike,9.2,736.0,5/25/2022,orange,193080.0
"Trucker Jacket (Green, M)",Clothing,89.5,387.0,1126.0,Levi's,8.75,410.0,2/6/2023,green,100777.0
Sayl Chair (Yellow),Furniture,545.0,0.0,1439.0,Herman Miller,8.75,763.0,7/18/2022,yellow,784255.0
"Evolve2 65 (Wired, Blue)",Headphones,120.0,419.0,1487.0,Jabra,8.75,724.0,7/27/2021,red,178440.0
"XPS 15 (9500) (256GB, Yellow)",Laptops,1500.0,397.0,817.0,Dell,8.7,320.0,1/12/2024,yellow,1225500.0
Viva (White),Kitchen,99.99,348.0,1312.0,Instant Pot,9.0,495.0,3/8/2020,white,131186.88
"Bravia A90J (43"", Yellow frame)",TVs,1299.99,176.0,783.0,Sony,9.0,179.0,1/9/2021,yellow,1017892.17
"UA Rush T-Shirt (Brown, M)",Clothing,45.0,46.0,898.0,Under Armour,8.5,246.0,9/15/2023,brown,40410.0
Watch Series 1 (Black),Watches,199.0,0.0,562.0,Apple,7.8,667.0,5/19/2020,black,111838.0
MX Master 3 (Gray),Mice,99.99,0.0,921.0,Logitech,9.2,76.0,7/23/2023,gray,92090.79
"ZenBook 14 UX425 (256GB, White)",Laptops,799.0,78.0,1073.0,Asus,8.25,582.0,3/28/2020,white,857327.0
"3-Stripes Track Jacket (Purple, L)",Clothing,75.0,131.0,819.0,Adidas,8.5,165.0,6/4/2023,purple,61425.0
5200 (Orange),Gaming Consoles,49.99,140.0,1594.0,Atari,7.5,597.0,10/25/2020,orange,79684.06
"WH-1000XM4 (Wireless, Brown)",Headphones,349.99,102.0,1080.0,Sony,9.25,258.0,4/21/2021,brown,377989.2
Versa 2 (Black),Watches,129.95,15.0,600.0,Fitbit,8.4,577.0,5/21/2022,black,77970.0
"Zig Kinetica (Yellow, EU 39)",Shoes,120.0,164.0,914.0,Reebok,8.65,244.0,4/2/2024,yellow,109680.0
"XPS 15 (9500) (256GB, White)",Laptops,1500.0,384.0,619.0,Dell,8.75,116.0,4/6/2021,white,928500.0
Embody Chair (Green),Furniture,1995.0,151.0,1187.0,Herman Miller,9.45,542.0,6/9/2021,green,2368065.0
Precision Brewer (Blue),Kitchen,299.95,0.0,960.0,Breville,8.75,260.0,8/23/2025,blue,287952.0
Twister (Green),Toys,19.99,0.0,781.0,Hasbro,8.75,47.0,5/4/2020,green,15612.189999999999
Duo Evo Plus (Red),Kitchen,129.99,325.0,1043.0,Instant Pot,8.75,323.0,9/28/2021,red,135579.57
"Galaxy S21 (128GB, Red)",Smartphones,699.0,205.0,987.0,Samsung,8.75,354.0,9/16/2024,red,689913.0
PlayStation 1 (Brown),Gaming Consoles,40.0,415.0,1979.0,Sony,8.5,551.0,1/26/2022,brown,79160.0
Bladen Sofa (Blue),Furniture,400.0,55.0,1487.0,Ashley Furniture,8.75,779.0,10/22/2024,blue,594800.0
"iPhone 12 (1TB, Blue)",Smartphones,999.0,0.0,1331.0,Apple,9.2,594.0,7/31/2024,blue,1329669.0
Apex Pro Mini (Gray),Keyboards,179.99,136.0,1287.0,SteelSeries,9.25,422.0,2/7/2020,gray,231647.13
"iPad (2020) (1TB, Brown)",Tablets,1199.0,175.0,948.0,Apple,8.5,450.0,1/28/2022,brown,1136652.0
"Blazer Mid '77 (Orange, EU 39)",Shoes,100.0,0.0,799.0,Nike,8.5,145.0,10/20/2023,orange,79900.0
"Spectre x360 15 (128GB, Yellow)",Laptops,1200.0,307.0,1071.0,HP,8.25,661.0,7/20/2021,yellow,1285200.0
Bluetooth Keyboard (Gray),Keyboards,59.99,484.0,641.0,Microsoft,8.45,6.0,8/20/2023,blue,38453.590000000004
"NanoCell 80 (43"", Yellow frame)",TVs,450.0,404.0,1136.0,LG,8.3,576.0,9/18/2022,yellow,511200.0
"UHD UM7300 (65"", Brown frame)",TVs,799.0,0.0,1338.0,LG,8.75,711.0,9/4/2024,brown,1069062.0
USB Mouse (Brown),Mice,29.99,0.0,1086.0,Apple,8.5,410.0,12/15/2020,brown,32569.14
"iPhone X (64GB, White)",Smartphones,299.0,135.0,1110.0,Apple,8.75,409.0,3/29/2024,white,331890.0
"P30 (512GB, Brown)",Smartphones,499.0,186.0,920.0,Huawei,8.25,402.0,10/7/2020,brown,459080.0
Huntsman Mini (Red),Keyboards,119.99,80.0,886.0,Razer,8.75,163.0,10/29/2023,red,106311.14
"Windrunner Jacket (Yellow, XS)",Clothing,100.0,0.0,862.0,Nike,8.75,144.0,5/20/2025,yellow,86200.0
"FC Barcelona Home Jersey (Blue, XXL)",Clothing,90.0,0.0,1595.0,Nike,9.45,674.0,2/8/2020,blue,143550.0
"Denim Jacket (Yellow, M)",Clothing,39.99,0.0,639.0,H&M,7.8,185.0,11/10/2021,yellow,25553.61
"RS-X3 (Black, EU 46)",Shoes,120.0,204.0,1340.0,Puma,8.5,662.0,12/27/2022,black,160800.0
Artisan Stand Mixer (Blue),Kitchen,429.99,0.0,1478.0,KitchenAid,9.2,649.0,6/22/2024,blue,635525.22
"MDR-7506 (Wired, Gray)",Headphones,99.99,354.0,1261.0,Sony,9.25,398.0,4/1/2023,red,126087.39
Food Processor KFP1466 (White),Kitchen,299.0,211.0,848.0,KitchenAid,8.75,149.0,8/26/2024,white,253552.0
Mamba Elite (White),Mice,89.99,233.0,963.0,Razer,8.75,240.0,3/1/2022,white,86660.37
Polly Pocket (Blue),Toys,19.99,0.0,810.0,Mattel,8.75,81.0,7/24/2024,blue,16191.9
MX Keys (Red),Keyboards,99.99,0.0,1367.0,Logitech,9.2,513.0,10/22/2020,red,136686.33
Sorry! (Red),Toys,9.99,172.0,961.0,Hasbro,8.5,289.0,9/13/2025,red,9600.39
Mega Drive Mini (Yellow),Gaming Consoles,79.99,0.0,1330.0,Sega,8.75,108.0,3/21/2021,yellow,106386.7
"HD 450BT (Wired, Black)",Headphones,129.95,451.0,1146.0,Sennheiser,8.45,516.0,7/30/2025,red,148922.69999999998
Xbox One X (White),Gaming Consoles,350.0,0.0,2229.0,Microsoft,8.75,684.0,11/13/2022,white,780150.0
Alenya Sofa (Red),Furniture,450.0,0.0,679.0,Ashley Furniture,8.5,84.0,8/4/2024,red,305550.0
Charge 5 (Red),Watches,129.95,316.0,388.0,Fitbit,8.75,64.0,8/16/2023,red,50420.6
"Bravia X950H (75"", Gray frame)",TVs,2200.0,0.0,1150.0,Sony,9.2,609.0,4/1/2021,gray,2530000.0
PlayStation 2 (Blue),Gaming Consoles,150.0,0.0,1595.0,Sony,8.5,359.0,6/17/2020,blue,239250.0
"7 Pro (256GB, Brown)",Smartphones,699.0,0.0,1425.0,OnePlus,8.75,795.0,3/26/2021,brown,996075.0
PlayStation 3 (Purple),Gaming Consoles,150.0,26.0,1766.0,Sony,7.5,717.0,5/15/2022,purple,264900.0
"Sport Earbuds (Wireless, Green)",Headphones,129.95,305.0,1190.0,Bose,8.75,463.0,10/24/2021,green,154640.5
"SoundLink Around-Ear II (Wired, Red)",Headphones,149.0,397.0,1116.0,Bose,8.5,466.0,12/23/2025,red,166284.0
Duo 7-in-1 (Orange),Kitchen,99.99,0.0,1083.0,Instant Pot,8.75,365.0,12/27/2024,orange,108289.17
"Galaxy Tab Active3 (512GB, Orange)",Tablets,600.0,0.0,1117.0,Samsung,8.5,535.0,1/18/2025,orange,670200.0
Bolanburg Dining Table (Green),Furniture,829.0,438.0,879.0,Ashley Furniture,8.5,335.0,8/30/2025,green,728691.0
"Legion 7 (512GB, Orange)",Laptops,1499.0,0.0,967.0,Lenovo,8.75,432.0,2/6/2023,orange,1449533.0
"75PML9506 (55"", Blue frame)",TVs,1399.0,451.0,1183.0,Philips,8.5,696.0,1/17/2022,blue,1655017.0
Rock-a-Stack (Green),Toys,9.99,0.0,863.0,Fisher-Price,8.75,121.0,3/28/2022,green,8621.37
Pro Trek PRG-600 (Blue),Watches,320.0,0.0,523.0,Casio,8.5,436.0,10/29/2024,blue,167360.0
"MatePad T8 (256GB, Gray)",Tablets,110.0,0.0,972.0,Huawei,7.8,517.0,8/22/2024,gray,106920.0
Eames Lounge Chair (White),Furniture,6200.0,498.0,12.0,Herman Miller,9.5,27.0,11/21/2025,white,74400.0
Pasta Maker (Gray),Kitchen,199.99,40.0,1198.0,Philips,8.75,475.0,10/28/2020,gray,239588.02000000002
Luxe (Blue),Watches,129.95,141.0,542.0,Fitbit,8.75,360.0,3/9/2021,blue,70432.9
"Galaxy S22 (128GB, Purple)",Smartphones,699.0,272.0,773.0,Samsung,8.8,139.0,11/12/2024,purple,540327.0
"Surface Pro 8 (256GB, Red)",Tablets,1099.0,311.0,809.0,Microsoft,8.5,303.0,6/2/2021,red,889091.0
"IdeaPad Duet Chromebook (128GB, Orange)",Tablets,279.99,201.0,1442.0,Lenovo,8.5,791.0,11/11/2023,orange,403745.58
Etch A Sketch (Brown),Toys,14.99,481.0,1250.0,Spin Master,8.75,498.0,11/12/2022,brown,18737.5
Watch Series 1 (Yellow),Watches,179.0,437.0,395.0,Apple,7.85,340.0,11/7/2023,yellow,70705.0
"ZoomX Vaporfly Next% (Gray, EU 39)",Shoes,250.0,197.0,1273.0,Nike,9.2,443.0,2/8/2025,gray,318250.0
Dreamcast (Orange),Gaming Consoles,120.0,232.0,2187.0,Sega,8.5,723.0,8/28/2020,orange,262440.0
Wii U (White),Gaming Consoles,150.0,0.0,722.0,Nintendo,7.5,97.0,9/13/2023,white,108300.0
"Puffer Jacket (Green, S)",Clothing,49.99,490.0,1229.0,H&M,7.85,739.0,3/31/2023,green,61437.71
"ThinkPad X1 Carbon (7th Gen) (512GB, Gray)",Laptops,1200.0,0.0,1013.0,Lenovo,8.75,443.0,1/18/2023,gray,1215600.0
"QuietComfort 25 (Wired, Red)",Headphones,199.0,47.0,1473.0,Bose,8.7,765.0,12/4/2021,red,293127.0
Wii U (Red),Gaming Consoles,150.0,164.0,1142.0,Nintendo,8.5,76.0,12/18/2024,red,171300.0
"XPS 13 (9360) (256GB, Orange)",Laptops,899.0,231.0,794.0,Dell,8.5,251.0,2/7/2024,orange,713806.0
"Pavilion 15 (1TB, Black)",Laptops,650.0,89.0,737.0,HP,8.5,166.0,11/2/2023,black,479050.0
"Floatride Run (White, EU 40)",Shoes,130.0,38.0,549.0,Reebok,7.85,86.0,1/13/2023,white,71370.0
City Police Station (60141) (Blue),Toys,99.99,348.0,1337.0,LEGO,8.75,600.0,1/4/2023,blue,133686.63
G613 Wireless (Purple),Keyboards,89.99,98.0,1379.0,Logitech,8.62,677.0,10/18/2020,purple,124096.20999999999
"OLED C1 (65"", Gray frame)",TVs,1799.0,0.0,1002.0,LG,9.2,406.0,12/30/2020,gray,1802598.0
Malm Bed Frame (Gray),Furniture,249.0,326.0,1368.0,IKEA,8.5,723.0,1/21/2022,gray,340632.0
"QN90A Neo QLED (50"", Orange frame)",TVs,1199.0,255.0,1188.0,Samsung,9.2,515.0,1/26/2023,orange,1424412.0
"MacBook Pro 13 (2019) (256GB, Blue)",Laptops,1099.0,0.0,647.0,Apple,8.5,147.0,7/18/2023,blue,711053.0
"Galaxy Tab S8 Ultra (64GB, Yellow)",Tablets,799.99,0.0,1196.0,Samsung,9.2,470.0,4/20/2020,yellow,956788.04
"MediaPad M6 (1TB, White)",Tablets,650.0,,999.0,Huawei,8.0,559.0,6/12/2020,white,649350.0
"XPS 17 (9700) (64GB, Yellow)",Laptops,2900.0,85.0,677.0,Dell,8.5,451.0,1/31/2023,yellow,1963300.0
Apex M750 (Purple),Keyboards,140.0,51.0,758.0,SteelSeries,8.5,115.0,12/31/2023,purple,106120.0
"Galaxy Tab A8 (128GB, Gray)",Tablets,280.0,382.0,1029.0,Samsung,8.5,390.0,9/20/2024,gray,288120.0
"LinkBuds S (Wired, Orange)",Headphones,79.99,0.0,951.0,Sony,8.25,356.0,4/18/2024,red,76070.48999999999
"ZoomX Vaporfly Next% (Green, EU 39)",Shoes,250.0,0.0,965.0,Nike,9.5,61.0,8/30/2021,green,241250.0
"The Frame LS03T (55"", Orange frame)",TVs,1299.0,0.0,1099.0,Samsung,8.5,632.0,6/28/2021,orange,1427601.0
"Tab P12 Pro (128GB, Brown)",Tablets,499.0,0.0,1029.0,Lenovo,8.5,431.0,6/5/2020,brown,513471.0
Barista Express (Brown),Kitchen,699.0,255.0,954.0,Breville,9.25,181.0,1/19/2024,brown,666846.0
5-Speed Classic Blender (White),Kitchen,99.99,3.0,807.0,KitchenAid,8.75,82.0,1/26/2020,white,80691.93
"Dri-FIT T-Shirt (Red, M)",Clothing,35.0,359.0,1541.0,Nike,8.75,769.0,9/11/2023,red,53935.0
Versa 3 (Yellow),Watches,199.95,328.0,524.0,Fitbit,8.5,409.0,10/28/2022,yellow,104773.79999999999
"Rival Fleece Hoodie (White, XXL)",Clothing,55.0,0.0,1357.0,Under Armour,8.75,624.0,1/2/2022,white,74635.0
"Pavilion 14 (128GB, Green)",Laptops,560.0,446.0,1323.0,HP,8.65,695.0,7/6/2023,green,740880.0
Pro Mouse (Blue),Mice,79.0,0.0,1457.0,Apple,8.75,704.0,7/27/2020,blue,115103.0
Apex M750 (Red),Keyboards,129.99,225.0,1087.0,SteelSeries,8.5,419.0,11/13/2021,red,141299.13
"Bravia A80J (50"", Yellow frame)",TVs,999.0,57.0,851.0,Sony,8.75,265.0,3/14/2020,yellow,850149.0
Brilliant Basics Corn Popper (Purple),Toys,12.99,115.0,897.0,Fisher-Price,8.5,223.0,6/3/2021,purple,11652.03
Caper Chair (Brown),Furniture,400.0,281.0,973.0,Herman Miller,8.75,300.0,11/25/2025,brown,389200.0
"Alphaskin Tights (Orange, XL)",Clothing,45.0,162.0,1024.0,Adidas,8.75,276.0,12/25/2022,orange,46080.0
Hot Wok Pro (Red),Kitchen,129.99,327.0,847.0,Breville,8.75,129.0,5/18/2023,red,110101.53000000001
PlayStation 2 (Orange),Gaming Consoles,80.0,24.0,1221.0,Sony,8.5,111.0,12/5/2021,orange,97680.0
"Omen 15 (128GB, Black)",Laptops,1299.0,495.0,995.0,HP,8.7,467.0,11/28/2025,black,1292505.0
"iPhone 8 (128GB, Purple)",Smartphones,250.0,99.0,887.0,Apple,8.0,391.0,6/1/2020,purple,221750.0
"Dri-FIT T-Shirt (Black, XL)",Clothing,35.0,174.0,745.0,Nike,8.75,21.0,3/29/2022,black,26075.0
"MatePad T10s (128GB, Gray)",Tablets,220.0,0.0,1065.0,Huawei,7.5,704.0,2/4/2025,gray,234300.0
"65PUS8504 (43"", Orange frame)",TVs,600.0,143.0,671.0,Philips,8.2,184.0,1/6/2023,orange,402600.0
Cosm Chair (Red),Furniture,1395.0,109.0,965.0,Herman Miller,9.2,312.0,3/24/2021,red,1346175.0
Galaxy Watch 4 (Brown),Watches,250.0,245.0,450.0,Samsung,8.75,192.0,10/1/2020,brown,112500.0
Viper Mini (Orange),Mice,39.99,372.0,1167.0,Razer,8.75,422.0,10/14/2025,orange,46668.33
"MDR-1AM2 (Wireless, Red)",Headphones,249.99,438.0,1350.0,Sony,8.75,623.0,5/5/2023,red,337486.5
Twister (Blue),Toys,19.99,436.0,996.0,Hasbro,8.75,253.0,4/12/2024,blue,19910.039999999997
"Pump Omni Lite (Black, EU 46)",Shoes,170.0,206.0,1230.0,Reebok,8.5,579.0,6/15/2023,black,209100.0
"UHD UM7300 (55"", Red frame)",TVs,499.0,0.0,664.0,LG,8.25,142.0,4/23/2020,red,331336.0
Hemnes TV Bench (Red),Furniture,129.0,346.0,1001.0,IKEA,8.5,334.0,2/7/2025,red,129129.0
"Fresh Foam 1080 (Blue, EU 44)",Shoes,160.0,470.0,801.0,New Balance,9.0,25.0,1/4/2025,blue,128160.0
"55R635 (43"", Brown frame)",TVs,380.0,484.0,942.0,TCL,8.4,346.0,1/14/2025,brown,357960.0
Master Prep Professional (White),Kitchen,49.99,253.0,1420.0,Ninja,8.75,657.0,1/24/2023,white,70985.8
Wii U (Green),Gaming Consoles,250.0,28.0,1158.0,Nintendo,8.5,102.0,6/10/2023,green,289500.0
G Pro Wireless (Blue),Mice,129.99,0.0,1291.0,Logitech,9.2,444.0,6/28/2023,blue,167817.09000000003
PSX (Green),Gaming Consoles,499.0,120.0,1536.0,Sony,9.25,160.0,11/6/2022,green,766464.0
Baby's First Blocks (Green),Toys,10.99,206.0,1646.0,Fisher-Price,9.2,780.0,10/23/2020,green,18089.54
Xbox 360 (Purple),Gaming Consoles,150.0,64.0,1381.0,Microsoft,7.5,491.0,1/8/2022,purple,207150.0
"Faux Leather Biker Jacket (Orange, S)",Clothing,49.99,0.0,598.0,H&M,7.85,121.0,9/4/2025,orange,29894.02
"4-Series 55S435 (50"", Blue frame)",TVs,320.0,0.0,1200.0,TCL,8.5,584.0,12/24/2023,blue,384000.0
"Mate 40 (256GB, Brown)",Smartphones,799.0,103.0,1138.0,Huawei,8.5,574.0,10/20/2020,brown,909262.0
"8 (64GB, Gray)",Smartphones,299.0,69.0,704.0,OnePlus,7.8,265.0,2/6/2022,gray,210496.0
"5T (128GB, Brown)",Smartphones,299.0,151.0,1124.0,OnePlus,8.5,486.0,6/27/2025,brown,336076.0
Twister (Gray),Toys,19.99,0.0,658.0,Hasbro,8.25,68.0,6/10/2022,gray,13153.419999999998
Inspire 2 (Brown),Watches,299.95,126.0,338.0,Fitbit,8.5,60.0,4/21/2022,brown,101383.09999999999
"ZoomX Vaporfly Next% (Yellow, EU 46)",Shoes,250.0,201.0,1708.0,Nike,9.5,762.0,2/23/2021,yellow,427000.0
"FuelCell Rebel (White, EU 38)",Shoes,130.0,241.0,1002.0,New Balance,8.75,285.0,1/13/2020,white,130260.0
"530 (Red, EU 40)",Shoes,110.0,406.0,993.0,New Balance,8.75,275.0,10/27/2025,red,109230.0
"Legacy Lifter (Yellow, EU 39)",Shoes,200.0,466.0,1436.0,Reebok,8.5,773.0,8/2/2021,yellow,287200.0
DeathAdder V2 (Black),Mice,69.99,0.0,1532.0,Razer,8.75,777.0,10/30/2024,black,107224.68
All-in-One Media Keyboard (Yellow),Keyboards,34.99,62.0,1321.0,Microsoft,8.75,569.0,5/10/2024,yellow,46221.79
F-91W (Gray),Watches,20.0,392.0,737.0,Casio,8.5,799.0,9/14/2025,gray,14740.0
Professional Blender (Yellow),Kitchen,99.99,227.0,1170.0,Ninja,8.75,431.0,8/4/2025,yellow,116988.29999999999
"Powerbeats Pro (Wireless, Brown)",Headphones,249.95,0.0,1429.0,Apple,8.75,716.0,12/2/2023,brown,357178.55
Hot Wheels 20-Car Pack (Green),Toys,21.99,11.0,1603.0,Mattel,9.2,721.0,7/26/2025,green,35249.969999999994
PlayStation 5 (Red),Gaming Consoles,499.99,0.0,2371.0,Sony,9.5,583.0,11/14/2025,red,1185476.29
Fenix 6 (Yellow),Watches,449.99,0.0,506.0,Garmin,8.75,343.0,5/7/2022,yellow,227694.94
"Cortez (Green, EU 38)",Shoes,90.0,0.0,1529.0,Nike,8.75,793.0,5/24/2023,green,137610.0
"Surface Pro X (128GB, Purple)",Tablets,899.0,104.0,1190.0,Microsoft,8.3,660.0,4/9/2024,purple,1069810.0
"Bravia X80J (43"", Yellow frame)",TVs,549.0,,966.0,Sony,8.4,409.0,11/9/2021,yellow,530334.0
"Elite Active 75t (Wireless, Yellow)",Headphones,149.99,0.0,708.0,Jabra,8.75,0.0,7/4/2023,yellow,106192.92000000001
"Future Rider (Blue, EU 46)",Shoes,80.0,0.0,1397.0,Puma,8.5,715.0,7/30/2024,blue,111760.0
Rival 3 (Brown),Mice,29.99,111.0,1472.0,SteelSeries,8.75,718.0,5/29/2022,brown,44145.28
"Linen Blend Shirt (Black, XXL)",Clothing,29.99,0.0,850.0,H&M,8.5,179.0,1/30/2023,black,25491.5
"Slim Fit Suit Pants (Blue, M)",Clothing,49.99,340.0,1084.0,H&M,8.2,501.0,3/22/2020,blue,54189.16
"HeatGear Compression Shirt (Orange, XL)",Clothing,35.0,478.0,1050.0,Under Armour,8.75,315.0,2/6/2025,orange,36750.0
Shoal Creek Dresser (Black),Furniture,200.0,299.0,1238.0,Sauder,8.5,583.0,5/2/2024,black,247600.0
"Bravia X900H (65"", White frame)",TVs,1399.99,95.0,629.0,Sony,8.75,115.0,3/25/2020,white,880593.71
"P20 (64GB, Green)",Smartphones,250.0,0.0,496.0,Huawei,7.8,72.0,6/20/2020,green,124000.0
Bluetooth Mouse (Yellow),Mice,25.0,112.0,1261.0,Microsoft,8.5,577.0,6/7/2020,blue,31525.0
HR3752 Blender (White),Kitchen,120.0,0.0,1091.0,Philips,8.7,390.0,4/24/2022,white,130920.0
"Galaxy S9 (1TB, Gray)",Smartphones,999.0,42.0,656.0,Samsung,8.5,149.0,12/9/2020,gray,655344.0
Wade Logan Dining Table (Blue),Furniture,450.0,0.0,735.0,Wayfair,8.25,220.0,9/16/2020,blue,330750.0
Trinell TV Stand (Blue),Furniture,240.0,215.0,730.0,Ashley Furniture,8.5,114.0,4/26/2021,blue,175200.0
Enchantimals Doll (Black),Toys,12.99,361.0,1243.0,Mattel,8.5,568.0,7/18/2021,black,16146.57
"Adizero Adios Pro (Blue, EU 44)",Shoes,220.0,156.0,1058.0,Adidas,8.75,351.0,8/18/2022,blue,232760.0
"Bravia A8H (43"", Brown frame)",TVs,1299.0,0.0,958.0,Sony,8.75,421.0,8/24/2025,brown,1244442.0
K95 RGB Platinum (Gray),Keyboards,199.99,468.0,804.0,Corsair,8.75,97.0,8/2/2025,gray,160791.96000000002
Rival 5 (Red),Mice,69.99,0.0,1463.0,SteelSeries,8.75,722.0,1/6/2024,red,102395.37
"70PUS8505 (65"", Green frame)",TVs,750.0,0.0,929.0,Philips,8.25,440.0,8/23/2024,green,696750.0
Professional Blender (Black),Kitchen,129.99,178.0,1158.0,Ninja,8.75,436.0,1/25/2021,black,150528.42
"Yoga Slim 7 (256GB, Yellow)",Laptops,879.0,367.0,795.0,Lenovo,8.5,263.0,8/25/2025,yellow,698805.0
"AirPods Pro (2nd generation) (Wired, Blue)",Headphones,249.0,438.0,1147.0,Apple,9.2,311.0,8/15/2021,red,285603.0
Cannery Bridge Storage Chest (Brown),Furniture,189.99,419.0,634.0,Sauder,8.25,71.0,4/28/2021,brown,120453.66
G512 Carbon (Yellow),Keyboards,99.99,494.0,1078.0,Logitech,8.75,356.0,9/6/2022,yellow,107789.22
"50S535 (43"", Orange frame)",TVs,350.0,0.0,1091.0,TCL,8.2,556.0,6/19/2020,orange,381850.0
Setu Chair (Brown),Furniture,895.0,0.0,1179.0,Herman Miller,8.75,569.0,7/12/2025,brown,1055205.0
"3-Stripes Track Jacket (Red, XL)",Clothing,65.0,0.0,1235.0,Adidas,8.5,557.0,10/25/2022,red,80275.0
Mega Drive Mini (Black),Gaming Consoles,79.99,0.0,2107.0,Sega,9.2,446.0,3/16/2022,black,168538.93
Forerunner 245 (Orange),Watches,299.99,267.0,506.0,Garmin,8.75,334.0,2/11/2025,orange,151794.94
"Pro Tights (Orange, XXL)",Clothing,65.0,193.0,1023.0,Nike,8.75,274.0,12/23/2023,orange,66495.0
"ThinkPad T14 (64GB, Brown)",Laptops,2200.0,270.0,1153.0,Lenovo,9.15,623.0,12/28/2024,brown,2536600.0
Versa 2 (Gray),Watches,149.95,444.0,620.0,Fitbit,8.75,512.0,3/11/2025,gray,92969.0
HR3752 Blender (Brown),Kitchen,120.0,302.0,1077.0,Philips,8.5,425.0,3/16/2021,brown,129240.0
"XPS 15 (9500) (64GB, Yellow)",Laptops,3000.0,255.0,869.0,Dell,8.5,662.0,1/18/2022,yellow,2607000.0
"Elite 85t (Wireless, Blue)",Headphones,199.99,181.0,692.0,Jabra,8.7,6.0,8/18/2025,blue,138393.08000000002
"Manchester United Home Jersey (Yellow, S)",Clothing,90.0,410.0,1083.0,Adidas,8.75,361.0,4/10/2024,yellow,97470.0
Galaxy Watch 4 Classic (Green),Watches,299.99,8.0,597.0,Samsung,8.7,503.0,4/24/2022,green,179094.03
Cardinal Games Chess (Brown),Toys,15.99,459.0,814.0,Spin Master,8.75,86.0,2/17/2023,brown,13015.86
"574 (Red, EU 39)",Shoes,85.0,0.0,1457.0,New Balance,8.6,756.0,12/6/2025,red,123845.0
Star Wars Millennium Falcon (75192) (Red),Toys,849.99,324.0,1599.0,LEGO,9.5,787.0,1/1/2021,red,1359134.01
Cannery Bridge Storage Chest (Orange),Furniture,99.99,335.0,925.0,Sauder,8.45,284.0,7/28/2025,orange,92490.75
"Nano X (Red, EU 38)",Shoes,90.0,375.0,1029.0,Reebok,8.5,364.0,11/5/2020,red,92610.0
"990v5 (Orange, EU 39)",Shoes,185.0,1.0,1459.0,New Balance,9.1,629.0,10/27/2023,orange,269915.0
"TU8000 (55"", Brown frame)",TVs,499.0,0.0,1343.0,Samsung,8.5,734.0,8/31/2024,brown,670157.0
7800 (Blue),Gaming Consoles,199.99,102.0,1597.0,Atari,7.5,622.0,9/5/2022,blue,319384.03
"Bravia X95J (50"", White frame)",TVs,1099.0,0.0,745.0,Sony,9.2,53.0,1/18/2022,white,818755.0
Galaxy Watch 5 (Blue),Watches,279.99,29.0,382.0,Samsung,8.75,77.0,6/8/2025,blue,106956.18000000001
"IE 80 S (Wired, Green)",Headphones,299.0,382.0,1072.0,Sennheiser,8.7,399.0,2/25/2022,red,320528.0
"QLED Q60T (43"", Blue frame)",TVs,450.0,325.0,953.0,Samsung,8.5,350.0,10/9/2021,blue,428850.0
"IdeaPad Duet 3 (64GB, White)",Tablets,299.0,471.0,1107.0,Lenovo,8.25,534.0,11/17/2022,white,330993.0
"Elite Active 65t (Wireless, Blue)",Headphones,99.99,0.0,1134.0,Jabra,8.5,483.0,12/24/2022,blue,113388.65999999999
Monster Jam RC (Green),Toys,49.99,0.0,1305.0,Spin Master,8.75,551.0,1/23/2024,green,65236.950000000004
G-Shock GA700 (Orange),Watches,99.0,140.0,642.0,Casio,8.5,601.0,8/2/2021,orange,63558.0
Watch Series 5 (Black),Watches,399.0,0.0,606.0,Apple,8.7,536.0,5/1/2023,black,241794.0
Hot Wok Pro (Orange),Kitchen,149.99,424.0,789.0,Breville,8.75,80.0,2/1/2022,orange,118342.11
"Chromebook Flip C434 (128GB, Black)",Laptops,499.99,0.0,1218.0,Asus,8.2,696.0,10/2/2023,black,608987.8200000001
"65S535 (65"", Yellow frame)",TVs,899.0,0.0,1051.0,TCL,8.45,529.0,9/11/2023,yellow,944849.0
Wireless Keyboard 900 (Blue),Keyboards,49.99,441.0,1189.0,Microsoft,8.75,447.0,3/17/2024,blue,59438.11
"Surface Go 2 (512GB, Orange)",Tablets,699.0,57.0,529.0,Microsoft,8.25,44.0,1/9/2024,orange,369771.0
"Court Victory Skirt (White, XL)",Clothing,55.0,186.0,777.0,Nike,8.5,125.0,3/7/2023,white,42735.0
Switch Lite (Blue),Gaming Consoles,199.99,366.0,2170.0,Nintendo,8.75,631.0,8/23/2024,blue,433978.30000000005
"HD 450BT (Wireless, Red)",Headphones,149.95,0.0,857.0,Sennheiser,8.75,143.0,6/29/2024,red,128507.15
Galaxy Watch Active (Red),Watches,199.99,337.0,581.0,Samsung,8.75,447.0,4/9/2024,red,116194.19
"327 (Red, EU 44)",Shoes,129.99,0.0,940.0,New Balance,8.75,215.0,9/9/2023,red,122190.6
Watch Series 3 (Red),Watches,199.0,182.0,584.0,Apple,8.5,499.0,8/21/2023,red,116216.0
Rival 5 (Purple),Mice,69.99,0.0,1026.0,SteelSeries,8.75,293.0,6/10/2023,purple,71809.73999999999
Sculpt Ergonomic Keyboard (Red),Keyboards,89.99,0.0,1434.0,Microsoft,8.5,752.0,3/5/2023,red,129045.65999999999
"Sportswear Club Hoodie (Yellow, M)",Clothing,55.0,0.0,843.0,Nike,8.75,113.0,3/12/2025,yellow,46365.0
"50PUS7506 (75"", Yellow frame)",TVs,999.0,,928.0,Philips,7.65,652.0,2/19/2023,yellow,927072.0
"Tab P11 Pro (512GB, Brown)",Tablets,799.0,43.0,992.0,Lenovo,8.4,479.0,2/17/2020,brown,792608.0
BCI600XL Smart Scoop (Black),Kitchen,299.95,497.0,1306.0,Breville,9.3,445.0,3/27/2021,black,391734.7
13-Cup Food Processor KFP1333 (Black),Kitchen,199.99,0.0,1201.0,KitchenAid,8.75,471.0,11/8/2022,black,240187.99000000002
Pro Line Series Blender (Blue),Kitchen,499.99,0.0,1491.0,KitchenAid,9.3,664.0,10/19/2021,blue,745485.09
"OLED A1 (43"", Gray frame)",TVs,799.0,307.0,1301.0,LG,8.5,750.0,5/2/2024,gray,1039499.0
"70PUS6724 (50"", Red frame)",TVs,450.0,300.0,1142.0,Philips,7.8,727.0,12/22/2023,red,513900.0
Vivoactive 4 (Purple),Watches,329.99,0.0,588.0,Garmin,8.75,483.0,9/1/2024,purple,194034.12
"iPad (2018) (64GB, Gray)",Tablets,329.0,329.0,1355.0,Apple,8.5,713.0,10/11/2022,gray,445795.0
"FuelCell Rebel (Yellow, EU 39)",Shoes,130.0,91.0,1301.0,New Balance,8.75,576.0,5/30/2024,yellow,169130.0
"Alphabounce (Orange, EU 39)",Shoes,100.0,311.0,1094.0,Adidas,8.5,455.0,10/6/2023,orange,109400.0
Foodi Grill (Red),Kitchen,249.99,52.0,1295.0,Ninja,9.3,426.0,7/3/2025,red,323737.05
Pro Type Ultra (Orange),Keyboards,159.99,71.0,1229.0,Razer,8.75,496.0,11/5/2021,orange,196627.71000000002
"P20 Pro (128GB, Orange)",Smartphones,250.0,209.0,1029.0,Huawei,7.5,655.0,12/8/2023,orange,257250.0
Viva Collection Juicer (Blue),Kitchen,99.99,276.0,1096.0,Philips,8.5,439.0,1/28/2024,blue,109589.04
Watch Series 5 (White),Watches,399.0,69.0,376.0,Apple,8.9,40.0,1/28/2021,white,150024.0
"Elite Active 75t (Wireless, Gray)",Headphones,150.0,354.0,981.0,Jabra,8.75,255.0,3/23/2020,gray,147150.0
"6T (512GB, Red)",Smartphones,649.0,0.0,1506.0,OnePlus,9.0,773.0,4/6/2025,red,977394.0
"ZenBook Duo 14 (512GB, Yellow)",Laptops,1299.0,28.0,1020.0,Asus,8.5,546.0,3/27/2021,yellow,1324980.0
Tech Deck (Yellow),Toys,9.99,0.0,1251.0,Spin Master,8.5,576.0,6/9/2022,yellow,12497.49
Dreamcast (Gray),Gaming Consoles,150.0,0.0,2219.0,Sega,8.5,707.0,5/7/2025,gray,332850.0
Atheris (Green),Mice,49.99,156.0,891.0,Razer,8.5,230.0,5/19/2025,green,44541.090000000004
"Trucker Jacket (Black, XS)",Clothing,89.5,0.0,1081.0,Levi's,8.75,360.0,2/11/2021,black,96749.5
Paw Patrol Mighty Lookout Tower (Purple),Toys,99.99,78.0,1458.0,Spin Master,8.75,717.0,6/22/2022,purple,145785.41999999998
"Samba Jersey (Red, L)",Clothing,50.0,107.0,1064.0,Adidas,8.5,394.0,10/25/2021,red,53200.0
Forerunner 945 (Green),Watches,599.99,83.0,608.0,Garmin,8.75,548.0,10/15/2024,green,364793.92
Sorry! (White),Toys,10.99,259.0,1207.0,Hasbro,8.5,537.0,11/19/2022,white,13264.93
Galaxy Watch 3 (Orange),Watches,249.99,277.0,349.0,Samsung,8.75,6.0,10/2/2020,orange,87246.51000000001
"Sport Earbuds (Wireless, Blue)",Headphones,179.0,306.0,1318.0,Bose,9.2,456.0,3/18/2020,blue,235922.0
"VivoBook 15 X512 (128GB, Purple)",Laptops,400.0,350.0,1062.0,Asus,8.2,533.0,11/23/2023,purple,424800.0
Jaguar (Brown),Gaming Consoles,49.99,239.0,1867.0,Atari,7.5,761.0,4/9/2024,brown,93331.33
"iPhone 8 (64GB, Gray)",Smartphones,250.0,7.0,539.0,Apple,7.5,205.0,1/7/2025,gray,134750.0
XXL Grill (Green),Kitchen,249.99,,754.0,Philips,8.5,128.0,7/29/2025,green,188492.46000000002
"FuelCell Rebel (Purple, EU 39)",Shoes,130.0,85.0,650.0,New Balance,8.5,12.0,3/22/2023,purple,84500.0
"Galaxy S7 (128GB, Green)",Smartphones,150.0,0.0,764.0,Samsung,7.25,476.0,5/1/2025,green,114600.0
Smart Oven Air (Orange),Kitchen,499.95,0.0,1515.0,Breville,9.2,709.0,2/28/2024,orange,757424.25
Duo Plus (Black),Kitchen,129.99,0.0,1359.0,Instant Pot,8.75,639.0,7/22/2020,black,176656.41
"IdeaPad Flex 5 (128GB, Purple)",Laptops,450.0,294.0,1317.0,Lenovo,8.25,773.0,10/19/2022,purple,592650.0
"IdeaPad Duet 3 (1TB, White)",Tablets,589.99,0.0,792.0,Lenovo,8.25,293.0,3/28/2023,white,467272.08
Max (Black),Kitchen,99.99,75.0,1399.0,Instant Pot,9.3,499.0,1/16/2025,black,139886.00999999998
"Club C 85 (Purple, EU 42)",Shoes,85.0,187.0,1375.0,Reebok,8.75,642.0,11/19/2021,purple,116875.0
"Ribcage Straight Ankle (Purple, XS)",Clothing,98.0,0.0,1027.0,Levi's,8.75,312.0,11/28/2022,purple,100646.0
Forerunner 945 (Black),Watches,499.99,147.0,693.0,Garmin,9.2,595.0,8/7/2021,black,346493.07
"Air Max 90 (Yellow, EU 40)",Shoes,120.0,0.0,1539.0,Nike,8.75,784.0,3/15/2024,yellow,184680.0
Magic Trackpad 2 (Black),Mice,129.0,230.0,1351.0,Apple,8.75,615.0,4/3/2023,black,174279.0
Harry Potter Hogwarts Castle (71043) (Brown),Toys,469.99,382.0,1042.0,LEGO,9.75,95.0,9/17/2023,brown,489729.58
"55PUS7956/12 (55"", Green frame)",TVs,600.0,0.0,1229.0,Philips,8.2,691.0,2/12/2020,green,737400.0
"MediaPad T5 (128GB, Orange)",Tablets,250.0,233.0,818.0,Huawei,8.2,266.0,7/27/2023,orange,204500.0
Kinetic Sand (Yellow),Toys,14.99,0.0,1497.0,Spin Master,8.75,745.0,4/27/2020,yellow,22440.03
"CX 400BT (Wireless, Yellow)",Headphones,139.95,0.0,1281.0,Sennheiser,8.5,630.0,6/2/2023,yellow,179275.94999999998
"Legion 5 (64GB, Yellow)",Laptops,1500.0,109.0,1316.0,Lenovo,8.75,796.0,4/27/2025,yellow,1974000.0
"Sportswear Club Hoodie (Red, L)",Clothing,60.0,0.0,1322.0,Nike,8.75,567.0,2/23/2022,red,79320.0
Brilliant Basics Corn Popper (Blue),Toys,12.99,178.0,961.0,Fisher-Price,8.45,321.0,4/14/2022,blue,12483.39
"ExpertBook B9 (256GB, Red)",Laptops,1200.0,7.0,897.0,Asus,8.75,346.0,11/24/2020,red,1076400.0
Hemnes TV Bench (Red),Furniture,129.0,346.0,1001.0,IKEA,8.5,333.0,2/7/2025,red,129129.0
Huntsman Mini (Black),Keyboards,119.99,355.0,903.0,Razer,8.65,214.0,1/26/2024,black,108350.97
"Galaxy Tab Active3 (256GB, Yellow)",Tablets,600.0,0.0,594.0,Samsung,8.5,28.0,11/10/2021,yellow,356400.0
Rival 110 (Orange),Mice,40.0,375.0,906.0,SteelSeries,8.5,230.0,1/29/2023,orange,36240.0
"55S535 (65"", Blue frame)",TVs,600.0,467.0,637.0,TCL,8.2,143.0,9/12/2020,blue,382200.0
"Originals Trefoil Hoodie (Blue, XL)",Clothing,70.0,0.0,696.0,Adidas,8.5,42.0,1/20/2024,blue,48720.0
One-Touch Tea Maker (White),Kitchen,299.0,0.0,1468.0,Breville,8.75,755.0,1/22/2022,white,438932.0
"Samba Jersey (Red, XS)",Clothing,60.0,5.0,675.0,Adidas,8.5,25.0,7/3/2021,red,40500.0
G915 Lightspeed (Brown),Keyboards,229.99,0.0,1402.0,Logitech,9.2,539.0,10/2/2020,brown,322445.98000000004
"Noise Cancelling Headphones 700 (Wireless, Orange)",Headphones,379.0,23.0,1013.0,Bose,9.2,208.0,4/27/2022,orange,383927.0
BlackWidow Elite (Brown),Keyboards,169.99,0.0,1363.0,Razer,8.75,653.0,8/29/2025,black,231696.37000000002
Spiralizer Attachment (Brown),Kitchen,99.99,0.0,933.0,KitchenAid,8.75,197.0,8/14/2021,brown,93290.67
"Sport Earbuds (Wired, Blue)",Headphones,49.99,480.0,1325.0,Bose,8.75,585.0,11/4/2020,red,66236.75
"Surface Pro 7+ (64GB, Gray)",Tablets,749.99,0.0,1226.0,Microsoft,8.5,646.0,6/6/2023,gray,919487.74
Mistana Armchair (Orange),Furniture,250.0,382.0,1034.0,Wayfair,8.75,343.0,12/10/2022,orange,258500.0
"11T (1TB, White)",Smartphones,599.0,137.0,1167.0,Xiaomi,8.5,588.0,5/9/2021,white,699033.0
"Surface Book 3 (1TB, Orange)",Tablets,2399.0,0.0,858.0,Microsoft,8.75,494.0,4/27/2024,orange,2058342.0
Switch Lite (Brown),Gaming Consoles,199.99,392.0,1434.0,Nintendo,8.75,193.0,4/7/2020,brown,286785.66000000003
"992 (White, EU 39)",Shoes,185.0,308.0,919.0,New Balance,8.75,203.0,11/8/2020,white,170015.0
Craft (Gray),Keyboards,199.99,481.0,1265.0,Logitech,8.75,571.0,6/6/2021,gray,252987.35
"MacBook Air M1 (2020) (256GB, Blue)",Laptops,999.0,138.0,1339.0,Apple,9.25,604.0,3/18/2020,blue,1337661.0
"WH-CH710N (Wireless, Brown)",Headphones,149.99,113.0,1157.0,Sony,8.5,511.0,12/24/2024,brown,173538.43000000002
"511 Slim Jeans (Blue, XL)",Clothing,69.5,480.0,990.0,Levi's,8.75,267.0,9/11/2025,blue,68805.0
"XPS 13 (9360) (512GB, Purple)",Laptops,950.0,119.0,1169.0,Dell,8.5,618.0,4/12/2025,purple,1110550.0
Versa 3 (Black),Watches,199.95,21.0,696.0,Fitbit,8.75,667.0,12/26/2022,black,139165.19999999998
"MatePad T8 (1TB, Black)",Tablets,180.0,0.0,697.0,Huawei,7.5,338.0,1/28/2020,black,125460.0
Creator Ford Mustang (10265) (Black),Toys,169.99,90.0,1207.0,LEGO,9.2,359.0,12/5/2020,black,205177.93000000002
"QLED Q70A (55"", Red frame)",TVs,899.0,478.0,1369.0,Samsung,8.75,725.0,10/25/2020,red,1230731.0
"Tab P12 Pro (128GB, Blue)",Tablets,599.0,246.0,631.0,Lenovo,8.5,59.0,5/20/2022,blue,377969.0
Professional Blender (Blue),Kitchen,99.99,171.0,1380.0,Ninja,8.75,648.0,8/23/2020,blue,137986.19999999998
Basilisk V3 (Blue),Mice,69.99,334.0,1401.0,Razer,9.2,528.0,12/6/2021,blue,98055.98999999999
"Tab M8 (512GB, Black)",Tablets,199.99,317.0,726.0,Lenovo,7.85,281.0,4/19/2020,black,145192.74000000002
"70PUS8505 (75"", Yellow frame)",TVs,1200.0,,753.0,Philips,8.5,279.0,11/6/2025,yellow,903600.0
Apex 3 (Yellow),Keyboards,49.99,0.0,979.0,SteelSeries,8.75,253.0,2/28/2020,yellow,48940.21
"TUF Gaming A15 (128GB, Yellow)",Laptops,999.0,184.0,1237.0,Asus,8.5,698.0,9/15/2022,yellow,1235763.0
Apex Pro (Blue),Keyboards,199.99,149.0,1628.0,SteelSeries,9.2,794.0,7/28/2024,blue,325583.72000000003
Food Processor KFP1466 (Orange),Kitchen,299.99,189.0,1332.0,KitchenAid,9.2,493.0,10/26/2022,orange,399586.68
"Poco F3 (256GB, Green)",Smartphones,350.0,0.0,1389.0,Xiaomi,8.5,756.0,1/13/2021,green,486150.0
Apex 7 (Black),Keyboards,159.99,6.0,1252.0,SteelSeries,9.25,393.0,8/4/2023,black,200307.48
Pro Line Series Blender (White),Kitchen,499.99,0.0,1586.0,KitchenAid,9.2,787.0,3/18/2022,white,792984.14
Cottage Road Coffee Table (Purple),Furniture,150.0,54.0,940.0,Sauder,7.85,469.0,3/8/2025,purple,141000.0
"UA Rush T-Shirt (Orange, XL)",Clothing,45.0,478.0,904.0,Under Armour,8.75,165.0,9/3/2023,orange,40680.0
"Surface Pro 6 (256GB, Purple)",Tablets,1000.0,0.0,1192.0,Microsoft,8.5,652.0,10/26/2023,purple,1192000.0
"Galaxy Note10 (1TB, Brown)",Smartphones,1400.0,242.0,2155.0,Samsung,9.0,1506.0,7/1/2023,brown,3017000.0
"RU7100 (50"", Blue frame)",TVs,399.0,335.0,551.0,Samsung,8.2,37.0,9/23/2021,blue,219849.0
5-Speed Classic Blender (Purple),Kitchen,89.99,123.0,1143.0,KitchenAid,8.75,416.0,4/1/2024,purple,102858.56999999999
Smart Oven Air (Black),Kitchen,399.95,468.0,963.0,Breville,8.75,293.0,2/25/2020,black,385151.85
"Urbanite XL (Wireless, Purple)",Headphones,179.95,0.0,1287.0,Sennheiser,8.75,577.0,1/1/2020,purple,231595.65
Lancehead TE (Red),Mice,79.99,242.0,1219.0,Razer,8.75,486.0,4/17/2021,red,97507.81
"Tab P11 Pro (512GB, White)",Tablets,600.0,52.0,1072.0,Lenovo,8.5,484.0,6/10/2023,white,643200.0
"ThinkPad T14 (256GB, Green)",Laptops,1200.0,0.0,505.0,Lenovo,8.5,32.0,5/21/2022,green,606000.0
"iPhone X (128GB, Purple)",Smartphones,599.0,0.0,691.0,Apple,8.75,49.0,4/10/2021,purple,413909.0
"MatePad T10s (1TB, Gray)",Tablets,250.0,0.0,609.0,Huawei,7.5,272.0,2/1/2020,gray,152250.0
Kinect (Orange),Gaming Consoles,99.99,388.0,2197.0,Microsoft,8.5,718.0,11/1/2024,orange,219678.03
"G3 15 (64GB, Red)",Laptops,749.99,0.0,1099.0,Dell,8.25,595.0,1/25/2023,red,824239.01
Kinetic Sand (Orange),Toys,10.99,177.0,1315.0,Spin Master,8.75,590.0,3/23/2022,orange,14451.85
"Ignite (Brown, EU 46)",Shoes,120.0,277.0,884.0,Puma,8.65,194.0,8/17/2020,brown,106080.0
Watch Series 8 (Purple),Watches,399.0,,565.0,Apple,8.75,437.0,12/5/2024,purple,225435.0
"Armour Fleece Pants (Red, XL)",Clothing,50.0,102.0,1008.0,Under Armour,8.75,281.0,11/13/2023,red,50400.0
"Galaxy Tab A7 (128GB, Gray)",Tablets,250.0,104.0,955.0,Samsung,8.5,328.0,6/18/2020,gray,238750.0
"OLED B1 (50"", Gray frame)",TVs,900.0,23.0,1117.0,LG,8.75,498.0,9/2/2021,gray,1005300.0
"Beats Solo3 (Wireless, Yellow)",Headphones,199.95,311.0,632.0,Apple,8.5,4.0,6/27/2020,yellow,126368.4
Havalance Coffee Table (Blue),Furniture,300.0,397.0,628.0,Ashley Furniture,8.5,16.0,7/31/2021,blue,188400.0
"SoundTrue Ultra (Wired, Black)",Headphones,129.95,402.0,857.0,Bose,8.7,156.0,6/23/2025,red,111367.15
"Sportswear Tech Fleece Pants (Blue, XXL)",Clothing,90.0,397.0,1009.0,Nike,8.75,285.0,7/16/2022,blue,90810.0
G-Shock Mudmaster (Orange),Watches,350.0,166.0,677.0,Casio,8.75,657.0,2/13/2021,orange,236950.0
"Alienware m15 R3 (1TB, Gray)",Laptops,1800.0,423.0,1128.0,Dell,8.5,712.0,1/27/2025,gray,2030400.0
Duo Plus (Brown),Kitchen,130.0,233.0,1085.0,Instant Pot,9.2,230.0,6/21/2023,brown,141050.0
"Momentum 2.0 (Wireless, Black)",Headphones,299.0,0.0,1476.0,Sennheiser,8.75,751.0,9/29/2024,black,441324.0
Wii (Yellow),Gaming Consoles,200.0,0.0,1149.0,Nintendo,7.5,357.0,8/2/2024,yellow,229800.0
"8T (128GB, Blue)",Smartphones,449.0,150.0,852.0,OnePlus,8.7,197.0,7/15/2021,blue,382548.0
"MatePad Pro (64GB, Blue)",Tablets,499.0,477.0,862.0,Huawei,8.2,341.0,10/14/2023,blue,430138.0
"Tab P11 (256GB, Yellow)",Tablets,320.0,0.0,881.0,Lenovo,8.2,337.0,5/20/2023,yellow,281920.0
Rock-a-Stack (Black),Toys,7.99,0.0,732.0,Fisher-Price,8.75,3.0,5/31/2021,black,5848.68
"Linen Blend Shirt (Blue, XS)",Clothing,24.99,0.0,1228.0,H&M,8.25,623.0,8/23/2023,blue,30687.719999999998
"iPhone 6S (512GB, Brown)",Smartphones,1200.0,0.0,82.0,Apple,6.5,173.0,4/28/2025,brown,98400.0
Dreamcast (Red),Gaming Consoles,150.0,296.0,1806.0,Sega,8.7,412.0,7/2/2021,red,270900.0
Apex M750 (Yellow),Keyboards,139.99,196.0,1138.0,SteelSeries,8.75,402.0,5/18/2022,yellow,159308.62000000002
Duo Plus (Red),Kitchen,129.99,386.0,1281.0,Instant Pot,9.45,371.0,3/8/2024,red,166517.19
"Own the Run Tee (Brown, XL)",Clothing,35.0,353.0,878.0,Adidas,8.75,162.0,7/12/2020,brown,30730.0
"Vanish Woven Pants (Orange, XL)",Clothing,60.0,0.0,1363.0,Under Armour,8.25,765.0,4/17/2022,orange,81780.0
Rival 5 (Gray),Mice,59.99,163.0,930.0,SteelSeries,8.75,199.0,12/4/2023,gray,55790.700000000004
Venu (Orange),Watches,349.99,269.0,686.0,Garmin,8.75,664.0,11/30/2023,orange,240093.14
Clue (White),Toys,9.99,309.0,1397.0,Hasbro,8.75,629.0,4/27/2024,white,13956.03
"Puffer Jacket (Red, XXL)",Clothing,80.0,0.0,719.0,H&M,7.65,303.0,3/4/2021,red,57520.0
Surface Keyboard (Purple),Keyboards,89.99,,1374.0,Microsoft,8.75,634.0,12/25/2025,purple,123646.26
Zipcode Design Desk (Green),Furniture,150.0,282.0,1014.0,Wayfair,8.25,422.0,5/17/2020,green,152100.0
Foodi Smoothie Bowl Maker (White),Kitchen,119.99,34.0,1128.0,Ninja,8.75,402.0,8/31/2022,white,135348.72
"Spectre x360 13 (128GB, Purple)",Laptops,999.0,444.0,458.0,HP,8.3,9.0,5/24/2023,purple,457542.0
"6 (512GB, Black)",Smartphones,699.0,0.0,1091.0,OnePlus,8.75,437.0,6/22/2024,black,762609.0
Ebern Designs Convertible Sofa (Gray),Furniture,350.0,265.0,764.0,Wayfair,7.8,339.0,11/13/2022,gray,267400.0
"Inspiron 15 3000 (64GB, Green)",Laptops,400.0,258.0,349.0,Dell,7.5,31.0,12/18/2024,green,139600.0
Wireless Mobile Mouse 4000 (Black),Mice,30.0,0.0,1194.0,Microsoft,8.5,523.0,6/13/2024,black,35820.0
"Cotton Chino Pants (Red, L)",Clothing,34.99,0.0,827.0,H&M,8.5,154.0,1/8/2021,red,28936.730000000003
"Own the Run Tee (Gray, XS)",Clothing,25.0,79.0,900.0,Adidas,8.5,236.0,5/3/2022,gray,22500.0
PS Vita (Orange),Gaming Consoles,300.0,204.0,1715.0,Sony,8.5,462.0,8/3/2023,orange,514500.0
Battleship (White),Toys,24.99,109.0,1135.0,Hasbro,8.5,435.0,6/24/2022,white,28363.649999999998
"Tab P12 Pro (256GB, Red)",Tablets,699.0,163.0,934.0,Lenovo,8.5,367.0,4/2/2024,red,652866.0
Orochi V2 (Yellow),Mice,69.99,375.0,1105.0,Razer,8.75,370.0,9/5/2024,yellow,77338.95
"Surface Go (1TB, Black)",Tablets,750.0,0.0,1044.0,Microsoft,7.8,673.0,3/26/2024,black,783000.0
"Galaxy Tab S4 (128GB, Gray)",Tablets,499.99,296.0,969.0,Samsung,8.5,369.0,9/6/2023,gray,484490.31
Rainforest Jumperoo (Purple),Toys,124.99,0.0,1313.0,Fisher-Price,9.25,425.0,10/17/2024,purple,164111.87
"UHD UM7300 (65"", Gray frame)",TVs,699.0,0.0,522.0,LG,8.2,50.0,2/21/2021,gray,364878.0
"ProBook 450 G7 (256GB, Blue)",Laptops,650.0,0.0,1181.0,HP,8.2,670.0,2/20/2022,blue,767650.0
"8T (128GB, Black)",Smartphones,499.0,288.0,1067.0,OnePlus,8.5,466.0,1/28/2021,black,532433.0
"Spectre x360 13 (64GB, Black)",Laptops,1199.0,399.0,974.0,HP,8.7,443.0,9/21/2021,black,1167826.0
WWE Action Figure (Purple),Toys,19.99,366.0,712.0,Mattel,8.3,113.0,10/28/2025,purple,14232.88
"Yeezy 700 (Gray, EU 42)",Shoes,300.0,250.0,1430.0,Adidas,8.75,722.0,6/16/2023,gray,429000.0
Three Posts Reistville Panel Bed (Blue),Furniture,350.0,131.0,1409.0,Wayfair,8.5,784.0,7/18/2022,blue,493150.0
Watch Series 7 (White),Watches,399.0,139.0,488.0,Apple,9.2,177.0,2/25/2024,white,194712.0
"WF-1000XM3 (Wired, Purple)",Headphones,130.0,127.0,1187.0,Sony,8.7,457.0,4/19/2023,red,154310.0
Apex 100 (Blue),Keyboards,39.99,0.0,819.0,SteelSeries,7.85,334.0,7/12/2023,blue,32751.81
Galaxy Watch (Purple),Watches,199.0,388.0,436.0,Samsung,8.75,172.0,4/1/2022,purple,86764.0
HD9650/99 Premium Airfryer (Blue),Kitchen,349.99,0.0,778.0,Philips,8.75,92.0,2/23/2024,blue,272292.22000000003
"1080v11 (Black, EU 40)",Shoes,150.0,239.0,1625.0,New Balance,9.2,780.0,12/11/2025,black,243750.0
Venu 2 (Green),Watches,399.99,0.0,382.0,Garmin,8.75,93.0,2/23/2021,green,152796.18
"QLED Q70A (50"", Blue frame)",TVs,899.0,344.0,654.0,Samsung,8.75,61.0,3/14/2025,blue,587946.0
"Future Rider (Red, EU 42)",Shoes,90.0,0.0,1216.0,Puma,8.5,549.0,1/26/2025,red,109440.0
"NanoCell 80 (65"", Green frame)",TVs,1199.0,95.0,806.0,LG,8.75,260.0,7/22/2023,green,966394.0
"Mate 20 (256GB, Green)",Smartphones,499.0,98.0,623.0,Huawei,7.8,226.0,8/22/2023,green,310877.0
Gear S3 Frontier (Yellow),Watches,299.99,177.0,528.0,Samsung,8.5,437.0,2/13/2022,yellow,158394.72
SNES (Orange),Gaming Consoles,150.0,0.0,1755.0,Nintendo,9.2,244.0,3/13/2021,orange,263250.0
"ThinkPad X1 Yoga (4th Gen) (512GB, Yellow)",Laptops,1400.0,0.0,550.0,Lenovo,8.5,110.0,5/1/2022,yellow,770000.0
Air Fryer AF101 (Blue),Kitchen,99.99,0.0,1535.0,Ninja,9.25,671.0,1/25/2023,blue,153484.65
"UA Rush T-Shirt (Orange, XXL)",Clothing,45.0,0.0,832.0,Under Armour,8.2,253.0,9/6/2020,orange,37440.0
Edge Water Computer Desk (Gray),Furniture,180.0,0.0,1057.0,Sauder,8.5,414.0,12/17/2022,gray,190260.0
"Galaxy S8 (128GB, Gray)",Smartphones,499.0,371.0,785.0,Samsung,7.9,363.0,9/30/2021,gray,391715.0
"5 (512GB, Green)",Smartphones,699.0,50.0,725.0,OnePlus,8.75,100.0,11/5/2020,green,506775.0
"Redmi Note 10 (64GB, Blue)",Smartphones,199.0,0.0,981.0,Xiaomi,8.7,288.0,9/30/2024,red,195219.0
ST (Purple),Gaming Consoles,79.99,262.0,1518.0,Atari,7.85,473.0,8/27/2023,purple,121424.81999999999
"QuietComfort 45 (Wired, Black)",Headphones,329.0,0.0,1463.0,Bose,9.0,678.0,11/25/2024,red,481327.0
"12 (1TB, Black)",Smartphones,399.0,320.0,766.0,Xiaomi,8.5,158.0,4/12/2020,black,305634.0
Aerox 3 Wireless (Blue),Mice,99.99,68.0,976.0,SteelSeries,8.65,271.0,3/4/2020,blue,97590.23999999999
"IdeaPad 5 (64GB, Purple)",Laptops,700.0,442.0,1379.0,Lenovo,8.5,771.0,7/25/2021,purple,965300.0
Switch OLED (Orange),Gaming Consoles,349.99,171.0,2035.0,Nintendo,9.2,442.0,1/29/2022,orange,712229.65
Connect 4 (Black),Toys,10.99,470.0,806.0,Hasbro,8.75,76.0,5/13/2022,black,8857.94
Watch Series 3 (White),Watches,199.0,48.0,408.0,Apple,8.75,117.0,4/17/2023,white,81192.0
Huntsman Tournament Edition (Purple),Keyboards,129.99,76.0,1432.0,Razer,8.75,674.0,3/17/2023,purple,186145.68000000002
"Trucker Jacket (Green, XL)",Clothing,89.99,0.0,1470.0,Levi's,8.75,719.0,4/6/2021,green,132285.3
Ornata Chroma (Green),Keyboards,59.99,499.0,843.0,Razer,8.3,233.0,1/6/2021,green,50571.57
"MacBook Pro 13 (2019) (64GB, Green)",Laptops,2299.0,375.0,884.0,Apple,8.75,479.0,12/1/2024,green,2032316.0
Darcy Sofa (Blue),Furniture,399.99,349.0,889.0,Ashley Furniture,8.3,338.0,2/10/2025,blue,355591.11
HD2137 Pressure Cooker (Orange),Kitchen,120.0,0.0,852.0,Philips,8.75,146.0,1/30/2020,orange,102240.0
"Poco F3 (128GB, Blue)",Smartphones,299.0,0.0,1120.0,Xiaomi,8.5,500.0,6/7/2022,blue,334880.0
Xbox 360 Elite (Orange),Gaming Consoles,150.0,232.0,1808.0,Microsoft,7.5,758.0,7/8/2024,orange,271200.0
"Galaxy Tab S8 Ultra (64GB, Purple)",Tablets,999.0,89.0,1060.0,Samsung,8.75,472.0,1/29/2025,purple,1058940.0
DeathStalker V2 (Gray),Keyboards,199.99,434.0,1167.0,Razer,8.5,525.0,3/21/2022,gray,233388.33000000002
"6 (512GB, Orange)",Smartphones,729.0,106.0,609.0,OnePlus,8.5,61.0,2/9/2025,orange,443961.0
"Launch SW 7"" Shorts (Green, XS)",Clothing,30.0,451.0,969.0,Under Armour,8.5,309.0,3/19/2025,green,29070.0
"Disc Blaze (Brown, EU 46)",Shoes,120.0,251.0,1320.0,Puma,8.75,575.0,1/1/2021,brown,158400.0
Hatchimals CollEGGtibles (Yellow),Toys,9.99,6.0,1262.0,Spin Master,8.2,678.0,4/9/2023,yellow,12607.380000000001
"Bravia A8H (50"", Yellow frame)",TVs,1499.0,0.0,1294.0,Sony,8.75,788.0,1/20/2023,yellow,1939706.0
"Faux Leather Biker Jacket (Blue, L)",Clothing,49.99,198.0,753.0,H&M,8.5,93.0,8/6/2021,blue,37642.47
"Iso-Chill Shorts (Green, L)",Clothing,50.0,326.0,1065.0,Under Armour,8.75,334.0,2/17/2020,green,53250.0
Galaxy Watch 5 (Red),Watches,249.99,0.0,438.0,Samsung,8.75,173.0,10/21/2020,red,109495.62000000001
"Galaxy Tab S8 Ultra (256GB, Brown)",Tablets,949.99,278.0,1439.0,Samsung,9.2,691.0,12/26/2021,brown,1367035.61
M720 Triathlon (Blue),Mice,49.99,276.0,1121.0,Logitech,8.7,406.0,12/8/2022,blue,56038.79
"IE 80 S (Wireless, White)",Headphones,349.95,188.0,980.0,Sennheiser,8.75,298.0,2/14/2020,white,342951.0
"Bravia X85J (65"", Yellow frame)",TVs,1099.0,0.0,883.0,Sony,8.5,392.0,7/30/2024,yellow,970417.0
"Tab M8 (1TB, White)",Tablets,129.99,493.0,1143.0,Lenovo,7.8,651.0,3/4/2024,white,148578.57
Versa (Orange),Watches,229.95,0.0,550.0,Fitbit,8.5,447.0,7/15/2025,orange,126472.5
"MacBook Air M2 (2022) (512GB, Blue)",Laptops,1399.0,0.0,1122.0,Apple,9.2,450.0,2/21/2020,blue,1569678.0
"Mate 30 (512GB, White)",Smartphones,799.0,0.0,484.0,Huawei,7.8,140.0,11/20/2020,white,386716.0
PS TV (Green),Gaming Consoles,150.0,242.0,1165.0,Sony,7.5,361.0,6/6/2021,green,174750.0
"Surface Go 2 (512GB, Yellow)",Tablets,699.0,483.0,949.0,Microsoft,8.2,462.0,6/5/2024,yellow,663351.0
"Evolve2 65 (Wired, Green)",Headphones,150.0,7.0,1419.0,Jabra,8.5,747.0,7/24/2024,red,212850.0
"QN90A Neo QLED (65"", Black frame)",TVs,1899.99,283.0,1048.0,Samsung,9.2,442.0,6/26/2023,black,1991189.52
Hot and Cold Brewed System (Purple),Kitchen,179.99,0.0,1002.0,Ninja,8.75,282.0,4/24/2023,purple,180349.98
"5T (256GB, Orange)",Smartphones,699.0,0.0,911.0,OnePlus,8.5,337.0,8/20/2023,orange,636789.0
"MediaPad M5 (128GB, Red)",Tablets,399.0,278.0,1165.0,Huawei,8.2,648.0,10/8/2021,red,464835.0
"Clyde (Yellow, EU 39)",Shoes,85.0,0.0,1227.0,Puma,8.25,627.0,7/26/2025,yellow,104295.0
Magic Trackpad (Late 2022) (Black),Mice,129.0,217.0,1033.0,Apple,8.75,306.0,12/30/2023,black,133257.0
"Air Max 270 (Green, EU 42)",Shoes,150.0,23.0,1346.0,Nike,8.75,623.0,3/12/2025,green,201900.0
"55PUS7956/12 (50"", Orange frame)",TVs,549.99,164.0,1266.0,Philips,8.3,729.0,4/22/2021,orange,696287.34
"Galaxy Tab S4 (1TB, Purple)",Tablets,849.99,0.0,1421.0,Samsung,8.75,820.0,9/24/2023,purple,1207835.79
"MatePad Pro (128GB, Green)",Tablets,599.0,67.0,651.0,Huawei,8.2,164.0,5/6/2021,green,389949.0
"Surface Pro X (512GB, White)",Tablets,1499.0,0.0,1013.0,Microsoft,8.5,565.0,2/19/2023,white,1518487.0
"Yeezy 700 (Gray, EU 44)",Shoes,300.0,76.0,1007.0,Adidas,8.75,319.0,5/23/2025,gray,302100.0
Duo Nova (White),Kitchen,99.99,327.0,1402.0,Instant Pot,9.25,509.0,2/20/2024,white,140185.97999999998
"Galaxy S10 (128GB, Purple)",Smartphones,399.0,457.0,1252.0,Samsung,8.5,623.0,6/16/2021,purple,499548.0
"HeatGear Compression Shirt (Black, XXL)",Clothing,30.0,0.0,962.0,Under Armour,8.75,226.0,11/11/2021,black,28860.0
"Redmi Note 9 (128GB, Brown)",Smartphones,180.0,66.0,1102.0,Xiaomi,8.2,535.0,12/4/2020,red,198360.0
K63 Wireless (Gray),Keyboards,89.99,180.0,660.0,Corsair,8.45,25.0,8/19/2023,gray,59393.399999999994
Galaxy Watch Active2 (White),Watches,249.99,182.0,614.0,Samsung,8.45,596.0,2/8/2022,white,153493.86000000002
Laugh & Learn Smart Stages Puppy (Yellow),Toys,24.99,0.0,900.0,Fisher-Price,9.2,44.0,2/3/2021,yellow,22491.0
"ENVY 13 (64GB, Black)",Laptops,849.0,39.0,665.0,HP,8.5,132.0,9/16/2022,black,564585.0
"Tab P11 (64GB, Blue)",Tablets,229.0,316.0,753.0,Lenovo,8.2,211.0,2/24/2023,blue,172437.0
Avance Collection Indoor Grill (White),Kitchen,250.0,0.0,1099.0,Philips,8.5,467.0,11/3/2023,white,274750.0
"Galaxy S9 (512GB, White)",Smartphones,749.0,349.0,1295.0,Samsung,8.5,733.0,6/14/2023,white,969955.0
Inspire HR (Orange),Watches,99.95,0.0,318.0,Fitbit,8.2,70.0,8/16/2025,orange,31784.100000000002
MARQ Athlete (Black),Watches,1500.0,0.0,296.0,Garmin,8.7,111.0,12/4/2021,black,444000.0
"QLED Q70A (75"", Yellow frame)",TVs,2199.0,64.0,1063.0,Samsung,8.75,630.0,11/11/2022,yellow,2337537.0
"OLED C1 (75"", Blue frame)",TVs,2499.0,231.0,609.0,LG,8.75,260.0,3/7/2024,blue,1521891.0
Laugh & Learn Smart Stages Chair (Purple),Toys,39.99,140.0,1374.0,Fisher-Price,9.2,494.0,12/15/2023,purple,54946.26
Palladia Armoire (Brown),Furniture,400.0,,985.0,Sauder,8.5,390.0,11/19/2023,brown,394000.0
"Legion 5 (256GB, Blue)",Laptops,999.0,243.0,1015.0,Lenovo,8.5,505.0,3/23/2021,blue,1013985.0
Smart Screen Blender (Gray),Kitchen,139.99,0.0,956.0,Ninja,8.75,232.0,1/18/2025,gray,133830.44
"Yeezy Boost 350 V2 (Purple, EU 40)",Shoes,220.0,414.0,1330.0,Adidas,8.9,586.0,7/4/2025,purple,292600.0
Venu (Blue),Watches,349.99,124.0,608.0,Garmin,8.5,592.0,11/27/2025,blue,212793.92
PS TV (Brown),Gaming Consoles,100.0,253.0,2094.0,Sony,8.5,624.0,1/3/2021,brown,209400.0
"Tab M10 FHD Plus (128GB, White)",Tablets,250.0,497.0,879.0,Lenovo,8.3,306.0,3/8/2023,white,219750.0
Bladen Sofa (White),Furniture,450.0,48.0,1023.0,Ashley Furniture,8.75,346.0,2/25/2024,white,460350.0
"Sportswear Tech Fleece Pants (Black, XL)",Clothing,100.0,0.0,1008.0,Nike,8.75,291.0,8/16/2025,black,100800.0
PlayStation 2 (Black),Gaming Consoles,50.0,73.0,2056.0,Sony,8.5,615.0,2/22/2024,black,102800.0
"Instapump Fury (Purple, EU 38)",Shoes,180.0,0.0,1313.0,Reebok,8.5,671.0,4/8/2023,purple,236340.0
Watch Series 1 (White),Watches,249.0,83.0,293.0,Apple,8.35,9.0,12/18/2022,white,72957.0
"Surface Pro 6 (1TB, Red)",Tablets,1499.0,0.0,685.0,Microsoft,8.5,240.0,4/16/2020,red,1026815.0
Duo 7-in-1 (Yellow),Kitchen,129.99,57.0,993.0,Instant Pot,8.75,270.0,12/14/2025,yellow,129080.07
Magic Mouse (Green),Mice,99.0,0.0,897.0,Apple,8.75,170.0,10/19/2023,green,88803.0
"P30 Pro (512GB, Green)",Smartphones,850.0,383.0,550.0,Huawei,8.2,104.0,10/20/2025,green,467500.0
Ninjago City (70620) (Blue),Toys,299.99,245.0,1699.0,LEGO,9.5,778.0,11/14/2022,blue,509683.01
"Surface Go 2 (256GB, Brown)",Tablets,629.99,0.0,933.0,Microsoft,8.5,358.0,12/23/2025,brown,587780.67
Cynosa Chroma (Orange),Keyboards,59.99,451.0,1394.0,Razer,8.75,651.0,11/26/2022,orange,83626.06
"ENVY 13 (1TB, Purple)",Laptops,1099.0,0.0,1228.0,HP,8.5,726.0,10/28/2024,purple,1349572.0
"Galaxy Tab S4 (64GB, Red)",Tablets,399.99,0.0,1300.0,Samsung,8.5,659.0,12/29/2021,red,519987.0
"Iso-Chill Shorts (Gray, XS)",Clothing,40.0,159.0,1235.0,Under Armour,8.75,491.0,2/22/2022,gray,49400.0
"65R635 (43"", Green frame)",TVs,400.0,0.0,713.0,TCL,8.75,42.0,7/3/2024,green,285200.0
Pasta Maker (Orange),Kitchen,150.0,1.0,1245.0,Philips,8.75,527.0,3/23/2020,orange,186750.0
K100 RGB (Gray),Keyboards,229.99,42.0,1212.0,Corsair,8.75,497.0,11/12/2024,gray,278747.88
"OLED A1 (55"", Black frame)",TVs,899.0,214.0,888.0,LG,8.75,293.0,8/4/2020,black,798312.0
"OLED A1 (75"", Purple frame)",TVs,2199.0,0.0,899.0,LG,8.4,601.0,7/27/2022,purple,1976901.0
Trinell TV Stand (Red),Furniture,400.0,313.0,783.0,Ashley Furniture,8.5,177.0,5/19/2021,red,313200.0
"Chromebook Flip C434 (1TB, Gray)",Laptops,599.0,327.0,1121.0,Asus,8.5,541.0,2/12/2025,gray,671479.0
"Tech Shorts (Yellow, XS)",Clothing,35.0,155.0,1208.0,Under Armour,8.5,536.0,10/10/2021,yellow,42280.0
"Mate 20 (128GB, White)",Smartphones,400.0,191.0,1273.0,Huawei,8.0,775.0,4/9/2020,white,509200.0
"WH-XB900N (Wireless, Blue)",Headphones,148.0,202.0,1091.0,Sony,8.5,433.0,2/22/2021,blue,161468.0
Wireless Keyboard 900 (Brown),Keyboards,29.99,258.0,738.0,Microsoft,8.25,141.0,11/17/2020,brown,22132.62
"MacBook Air (2019) (1TB, Black)",Laptops,1299.0,0.0,621.0,Apple,8.5,160.0,3/2/2023,black,806679.0
"Galaxy Note10 (128GB, Purple)",Smartphones,399.0,0.0,1101.0,Samsung,8.5,480.0,1/24/2025,purple,439299.0
Luxe (Purple),Watches,129.95,7.0,550.0,Fitbit,8.75,388.0,5/27/2020,purple,71472.5
Ninjago City (70620) (Orange),Toys,299.99,75.0,1165.0,LEGO,9.2,349.0,11/27/2023,orange,349488.35000000003
"Tab M8 (128GB, Purple)",Tablets,150.0,160.0,463.0,Lenovo,7.5,108.0,7/10/2021,purple,69450.0
Bluetooth Mouse (Blue),Mice,25.99,146.0,1271.0,Microsoft,8.7,535.0,3/30/2024,blue,33033.29
Xbox 360 (Blue),Gaming Consoles,60.0,0.0,682.0,Microsoft,7.5,55.0,5/27/2021,blue,40920.0
Orchard Hills TV Stand (Orange),Furniture,180.0,190.0,1379.0,Sauder,8.75,659.0,3/13/2022,orange,248220.0
PS Vita (White),Gaming Consoles,150.0,0.0,1810.0,Sony,8.5,475.0,8/31/2020,white,271500.0
"IdeaPad Flex 5 (512GB, Orange)",Laptops,750.0,353.0,699.0,Lenovo,8.25,223.0,11/21/2024,orange,524250.0
Pathfinder PAG240 (Brown),Watches,280.0,0.0,748.0,Casio,8.75,773.0,10/25/2021,brown,209440.0
"VivoBook S15 (1TB, Gray)",Laptops,850.0,440.0,788.0,Asus,8.2,338.0,6/29/2025,gray,669800.0
"MatePad Pro 12.6 (1TB, Green)",Tablets,1099.0,284.0,894.0,Huawei,8.5,387.0,8/14/2024,green,982506.0
Beginnings TV Stand (Black),Furniture,120.0,406.0,1048.0,Sauder,8.25,449.0,4/27/2025,black,125760.0
Mirra 2 Chair (Brown),Furniture,1400.0,23.0,802.0,Herman Miller,9.2,158.0,1/26/2025,brown,1122800.0
"327 (Yellow, EU 39)",Shoes,110.0,0.0,1312.0,New Balance,8.75,572.0,3/6/2021,yellow,144320.0
"Tab P11 (128GB, Green)",Tablets,299.0,205.0,812.0,Lenovo,8.5,177.0,1/23/2025,green,242788.0
K100 RGB (Brown),Keyboards,229.99,166.0,1495.0,Corsair,8.75,764.0,3/23/2020,brown,343835.05
"iPad Pro 11 (2018) (256GB, Brown)",Tablets,799.0,123.0,1261.0,Apple,9.0,565.0,12/28/2025,brown,1007539.0
"WH-CH710N (Wired, Black)",Headphones,98.0,131.0,1174.0,Sony,8.25,580.0,5/16/2023,red,115052.0
Baby-G BA110 (Gray),Watches,120.0,468.0,649.0,Casio,8.75,571.0,7/25/2021,gray,77880.0
"QuietComfort Earbuds (Wired, Blue)",Headphones,129.0,497.0,1268.0,Bose,8.5,610.0,11/24/2020,red,163572.0
NES (White),Gaming Consoles,150.0,290.0,2483.0,Nintendo,9.5,615.0,2/16/2023,white,372450.0
Sayl Chair (Purple),Furniture,725.0,489.0,1388.0,Herman Miller,8.8,714.0,1/12/2022,purple,1006300.0
Draycoll Recliner (Purple),Furniture,450.0,0.0,905.0,Ashley Furniture,8.25,372.0,5/14/2024,purple,407250.0
Classic Hand Mixer (Purple),Kitchen,59.99,342.0,1012.0,KitchenAid,8.75,288.0,1/27/2024,purple,60709.880000000005
"iPhone 13 (512GB, Black)",Smartphones,1299.0,241.0,963.0,Apple,9.15,294.0,11/3/2021,black,1250937.0
"Curry Basketball Jersey (Blue, L)",Clothing,100.0,75.0,1544.0,Under Armour,9.25,652.0,10/26/2024,blue,154400.0
"511 Slim Jeans (Black, XXL)",Clothing,69.5,82.0,1387.0,Levi's,8.75,631.0,11/15/2020,black,96396.5
G213 Prodigy (Black),Keyboards,49.99,461.0,1168.0,Logitech,8.5,489.0,7/8/2024,black,58388.32
"Cotton Chino Pants (Yellow, S)",Clothing,24.99,397.0,1354.0,H&M,8.2,752.0,5/27/2025,yellow,33836.46
"iPad Air (2019) (128GB, Brown)",Tablets,499.0,348.0,746.0,Apple,8.75,88.0,1/24/2022,brown,372254.0
"65OLED936 (43"", Orange frame)",TVs,1399.0,118.0,1028.0,Philips,7.85,739.0,10/25/2022,orange,1438172.0
Creator Ford Mustang (10265) (Orange),Toys,169.99,95.0,887.0,LEGO,9.2,56.0,3/6/2021,orange,150781.13
MX Anywhere 2S (Yellow),Mice,79.99,119.0,1493.0,Logitech,8.75,753.0,2/22/2021,yellow,119425.06999999999
"FC Barcelona Home Jersey (Black, XS)",Clothing,90.0,220.0,843.0,Nike,8.5,198.0,3/9/2021,black,75870.0
"iPhone 6 (1TB, Blue)",Smartphones,6.0,0.0,649.0,Apple,7.0,399.0,1/5/2020,blue,3894.0
"Crewneck Sweatshirt (White, XXL)",Clothing,24.99,0.0,1323.0,H&M,8.35,700.0,12/28/2022,white,33061.77
"511 Slim Jeans (Green, S)",Clothing,69.5,0.0,1407.0,Levi's,8.45,746.0,2/13/2023,green,97786.5
"WH-CH710N (Wired, Gray)",Headphones,99.99,0.0,708.0,Sony,8.25,126.0,2/12/2022,red,70792.92
"Galaxy S9 (128GB, Purple)",Smartphones,250.0,393.0,1053.0,Samsung,8.5,430.0,11/19/2023,purple,263250.0
Modern Keyboard with Fingerprint ID (Blue),Keyboards,129.99,10.0,808.0,Microsoft,8.5,164.0,5/8/2025,blue,105031.92000000001
"WF-C500 (Wired, Black)",Headphones,79.99,283.0,791.0,Sony,8.35,177.0,3/12/2022,red,63272.09
"Dri-FIT T-Shirt (Green, L)",Clothing,35.0,113.0,947.0,Nike,8.75,208.0,10/7/2020,green,33145.0
Wireless Mobile Mouse 4000 (White),Mice,29.99,51.0,1045.0,Microsoft,8.2,464.0,7/12/2024,white,31339.55
"iPhone 14 (512GB, Blue)",Smartphones,1199.0,382.0,874.0,Apple,9.4,140.0,4/18/2021,blue,1047926.0
"Basket (Gray, EU 46)",Shoes,65.0,465.0,1165.0,Puma,8.7,450.0,4/26/2024,gray,75725.0
"HD 599 (Wireless, White)",Headphones,199.95,77.0,1164.0,Sennheiser,8.75,473.0,12/21/2022,white,232741.8
BlackWidow V3 (Black),Keyboards,139.99,0.0,1498.0,Razer,8.75,766.0,7/9/2025,black,209705.02000000002
Aeron Chair (Purple),Furniture,1395.0,0.0,1335.0,Herman Miller,9.4,617.0,11/4/2020,purple,1862325.0
"327 (White, EU 38)",Shoes,100.0,477.0,856.0,New Balance,8.75,134.0,1/7/2023,white,85600.0
"ZoomX Vaporfly Next% (White, EU 38)",Shoes,250.0,437.0,1169.0,Nike,9.2,337.0,11/25/2020,white,292250.0
"QN85A Neo QLED (75"", White frame)",TVs,2499.0,420.0,984.0,Samsung,8.7,654.0,10/29/2021,white,2459016.0
"MatePad Pro (64GB, Orange)",Tablets,499.0,207.0,946.0,Huawei,8.0,493.0,12/11/2021,orange,472054.0
"Galaxy Z Flip (128GB, Green)",Smartphones,999.99,0.0,566.0,Samsung,8.5,58.0,1/16/2023,green,565994.34
Sculpt Ergonomic Keyboard (Black),Keyboards,60.0,0.0,1221.0,Microsoft,8.75,491.0,12/1/2025,black,73260.0
Soup Maker (Blue),Kitchen,120.0,100.0,905.0,Philips,8.75,185.0,1/23/2020,blue,108600.0
Galaxy Watch 4 Classic (Red),Watches,249.0,0.0,409.0,Samsung,8.7,141.0,11/17/2024,red,101841.0
"Galaxy S9 (1TB, Black)",Smartphones,999.0,,849.0,Samsung,8.5,345.0,7/7/2024,black,848151.0
G-Shock GA700 (Blue),Watches,99.0,282.0,340.0,Casio,8.5,32.0,7/7/2021,blue,33660.0
Panini Duo (Gray),Kitchen,89.99,49.0,880.0,Breville,8.75,154.0,1/28/2020,gray,79191.2
Sensei 310 (Brown),Mice,49.99,349.0,1151.0,SteelSeries,9.1,315.0,6/11/2022,brown,57538.490000000005
"Nova 9 (256GB, Orange)",Smartphones,450.0,0.0,600.0,Huawei,8.2,97.0,8/30/2022,orange,270000.0
K100 RGB (Red),Keyboards,229.99,246.0,1586.0,Corsair,9.15,747.0,12/12/2020,red,364764.14
"MacBook Air M1 (2020) (512GB, Yellow)",Laptops,1199.0,152.0,553.0,Apple,8.75,9.0,10/26/2024,yellow,663047.0
Lack Coffee Table (Blue),Furniture,49.99,0.0,776.0,IKEA,8.25,182.0,4/25/2024,blue,38792.24
Monopoly Board Game (Gray),Toys,20.0,243.0,1448.0,Hasbro,8.5,750.0,5/18/2022,gray,28960.0
"6-Series R648 (8K) (75"", Green frame)",TVs,2999.0,0.0,872.0,TCL,8.75,588.0,7/24/2023,green,2615128.0
Gear Fit2 Pro (White),Watches,120.0,246.0,657.0,Samsung,8.5,641.0,4/2/2024,white,78840.0
Pathfinder PAG240 (Purple),Watches,250.0,97.0,660.0,Casio,8.75,592.0,11/15/2023,purple,165000.0
"Slim Fit Suit Pants (Red, XL)",Clothing,49.99,384.0,1149.0,H&M,8.3,514.0,10/22/2021,red,57438.51
"Zoom Freak 3 (Red, EU 38)",Shoes,120.0,10.0,900.0,Nike,8.75,184.0,8/1/2024,red,108000.0
Magic Trackpad (Late 2022) (Red),Mice,149.0,195.0,892.0,Apple,8.75,175.0,10/29/2021,red,132908.0
Apex M750 (Black),Keyboards,139.99,0.0,1068.0,SteelSeries,8.7,361.0,1/27/2021,black,149509.32
"Suede Classic (Brown, EU 46)",Shoes,70.0,0.0,1277.0,Puma,8.25,669.0,3/1/2020,brown,89390.0
"Crewneck Sweatshirt (White, M)",Clothing,24.99,0.0,746.0,H&M,8.4,116.0,2/15/2022,white,18642.539999999997
"HeatGear Compression Shirt (Purple, M)",Clothing,30.0,141.0,1502.0,Under Armour,9.2,627.0,6/25/2025,purple,45060.0
"QuietComfort 45 (Wired, Green)",Headphones,329.0,0.0,1315.0,Bose,8.75,614.0,9/12/2021,red,432635.0
"Suede Classic (Green, EU 44)",Shoes,70.0,0.0,1128.0,Puma,8.75,385.0,12/8/2022,green,78960.0
Avance Collection Indoor Grill (Brown),Kitchen,250.0,365.0,1052.0,Philips,8.5,420.0,7/4/2025,brown,263000.0
N64 (Green),Gaming Consoles,120.0,0.0,2106.0,Nintendo,8.75,588.0,5/8/2020,green,252720.0
Pro Type Ultra (Yellow),Keyboards,159.99,370.0,1349.0,Razer,9.25,485.0,12/6/2025,yellow,215826.51
Kallax Shelving Unit (Black),Furniture,89.99,0.0,1517.0,IKEA,8.75,766.0,3/18/2023,black,136514.83
"Galaxy Tab S8 Ultra (512GB, White)",Tablets,1199.99,0.0,845.0,Samsung,9.25,147.0,10/2/2024,white,1013991.55
"Galaxy Tab S8 (1TB, Gray)",Tablets,1179.99,197.0,953.0,Samsung,8.7,407.0,10/21/2023,gray,1124530.47
DeathAdder V2 (Gray),Mice,69.99,497.0,1104.0,Razer,8.75,383.0,5/5/2024,gray,77268.95999999999
"Powerbeats Pro (Wireless, Red)",Headphones,199.95,14.0,1078.0,Apple,8.5,440.0,3/20/2020,red,215546.09999999998
Panini Duo (Red),Kitchen,49.99,268.0,1373.0,Breville,8.75,613.0,2/4/2023,red,68636.27
Clue (Red),Toys,20.0,248.0,835.0,Hasbro,8.75,100.0,3/16/2023,red,16700.0
G Pro Wireless (Green),Mice,129.99,389.0,736.0,Logitech,8.75,23.0,12/14/2025,green,95672.64000000001
XEGS (Gray),Gaming Consoles,150.0,141.0,640.0,Atari,7.5,45.0,10/27/2022,gray,96000.0
Watch Ultra (Gray),Watches,799.0,304.0,738.0,Apple,9.2,685.0,2/27/2022,gray,589662.0
Watch Series 8 (Brown),Watches,399.0,,498.0,Apple,8.75,315.0,3/7/2025,brown,198702.0
"UHD UN7300 (65"", Brown frame)",TVs,649.0,249.0,1296.0,LG,8.5,706.0,1/16/2021,brown,841104.0
NES (Green),Gaming Consoles,150.0,142.0,1606.0,Nintendo,8.5,366.0,11/27/2021,green,240900.0
"Galaxy S21 (128GB, Yellow)",Smartphones,649.99,329.0,1130.0,Samsung,8.7,492.0,10/16/2022,yellow,734488.7
Strandmon Wing Chair (Black),Furniture,279.0,269.0,1024.0,IKEA,8.5,394.0,8/17/2024,black,285696.0
Apex 100 (Gray),Keyboards,39.99,210.0,1106.0,SteelSeries,8.5,424.0,6/22/2021,gray,44228.94
"iPhone 7 (512GB, Green)",Smartphones,299.0,64.0,983.0,Apple,7.5,639.0,7/6/2023,green,293917.0
"MDR-7506 (Wireless, Black)",Headphones,150.0,168.0,1151.0,Sony,8.75,437.0,9/29/2020,black,172650.0
"Galaxy Tab A8 (64GB, Red)",Tablets,230.0,236.0,786.0,Samsung,8.2,231.0,6/14/2025,red,180780.0
Wii (White),Gaming Consoles,89.99,0.0,2315.0,Nintendo,8.75,682.0,2/7/2022,white,208326.84999999998
Nomad (Gray),Gaming Consoles,200.0,314.0,1208.0,Sega,7.5,410.0,8/13/2020,gray,241600.0
"Sportswear Club Fleece Joggers (Black, L)",Clothing,55.0,202.0,914.0,Nike,8.75,179.0,4/6/2020,black,50270.0
Venu 2 (Red),Watches,399.99,498.0,696.0,Garmin,8.75,695.0,2/9/2022,red,278393.04
"React Infinity Run (Orange, EU 44)",Shoes,160.0,281.0,843.0,Nike,8.75,121.0,10/17/2021,orange,134880.0
"iPhone 14 (64GB, Purple)",Smartphones,799.0,,1279.0,Apple,8.75,657.0,8/30/2023,purple,1021921.0
Fenix 6 (White),Watches,499.99,100.0,508.0,Garmin,8.75,347.0,3/27/2021,white,253994.92
"Sleepbuds II (Wired, Orange)",Headphones,249.0,327.0,1296.0,Bose,8.5,658.0,1/25/2020,red,322704.0
"Ignite Limitless (Yellow, EU 46)",Shoes,100.0,489.0,885.0,Puma,8.5,235.0,4/12/2023,yellow,88500.0
Hot Wok Pro (Yellow),Kitchen,129.99,240.0,1478.0,Breville,8.75,757.0,12/16/2020,yellow,192125.22
"Dunk Low (Orange, EU 39)",Shoes,110.0,33.0,1269.0,Nike,8.75,540.0,3/21/2024,orange,139590.0
"Ribcage Straight Ankle (Black, XXL)",Clothing,108.0,0.0,718.0,Levi's,8.75,4.0,7/11/2025,black,77544.0
Venu 2 (Purple),Watches,399.99,0.0,694.0,Garmin,8.5,762.0,2/14/2023,purple,277593.06
"Latitude 7400 (512GB, Orange)",Laptops,1299.0,246.0,878.0,Dell,8.5,420.0,5/12/2020,orange,1140522.0
"Air Zoom Pegasus 38 (Gray, EU 39)",Shoes,120.0,214.0,1443.0,Nike,8.75,718.0,2/23/2022,gray,173160.0
Watch Series 7 (Yellow),Watches,399.0,64.0,678.0,Apple,8.75,642.0,8/12/2021,yellow,270522.0
"FC Barcelona Home Jersey (Gray, L)",Clothing,90.0,382.0,1031.0,Nike,8.75,302.0,6/1/2024,gray,92790.0
"Galaxy Tab S8 (128GB, Brown)",Tablets,699.0,0.0,1122.0,Samsung,8.75,488.0,12/29/2025,brown,784278.0
"Galaxy S8 (1TB, Brown)",Smartphones,1100.0,0.0,877.0,Samsung,9.25,169.0,7/15/2020,brown,964700.0
"OLED G1 (55"", Black frame)",TVs,1699.0,0.0,1158.0,LG,9.2,527.0,6/7/2022,black,1967442.0
Strandmon Wing Chair (White),Furniture,349.0,312.0,1229.0,IKEA,8.75,529.0,5/22/2023,white,428921.0
Foodi Grill (Blue),Kitchen,199.99,487.0,1598.0,Ninja,9.0,819.0,9/11/2021,blue,319584.02
Viper Mini (Green),Mice,39.99,0.0,1023.0,Razer,8.75,284.0,5/12/2024,green,40909.770000000004
"Galaxy Z Flip (1TB, Brown)",Smartphones,1699.0,117.0,1196.0,Samsung,8.75,698.0,8/16/2020,brown,2032004.0
"Own the Run Tee (Yellow, XL)",Clothing,30.0,0.0,1225.0,Adidas,8.75,471.0,9/19/2022,yellow,36750.0
Rock-a-Stack (Red),Toys,9.99,0.0,1600.0,Fisher-Price,9.2,717.0,4/16/2024,red,15984.0
"Windrunner Jacket (Brown, XS)",Clothing,120.0,356.0,935.0,Nike,8.5,293.0,9/22/2025,brown,112200.0
Inspire HR (Black),Watches,99.95,328.0,630.0,Fitbit,8.5,592.0,10/21/2023,black,62968.5
Magic Mouse (Orange),Mice,79.0,250.0,1464.0,Apple,8.5,791.0,2/24/2024,orange,115656.0
"MatePad T10 (64GB, Red)",Tablets,180.0,110.0,1030.0,Huawei,7.85,537.0,5/30/2024,red,185400.0
"Yoga 9i (128GB, Brown)",Laptops,1199.0,434.0,646.0,Lenovo,8.95,41.0,12/11/2025,brown,774554.0
"ZenBook Duo 14 (64GB, Green)",Laptops,1500.0,286.0,1217.0,Asus,8.5,774.0,6/26/2024,green,1825500.0
Jenga (Green),Toys,14.99,13.0,903.0,Hasbro,8.75,158.0,4/15/2023,green,13535.97
"RC Elite (Red, EU 42)",Shoes,225.0,257.0,1166.0,New Balance,8.75,456.0,5/11/2025,red,262350.0
Lancehead TE (Purple),Mice,80.0,0.0,1531.0,Razer,8.75,775.0,10/26/2024,purple,122480.0
Food Processor KFP1466 (Brown),Kitchen,299.99,0.0,1366.0,KitchenAid,9.15,545.0,2/7/2021,brown,409786.34
Xbox 360 Elite (Yellow),Gaming Consoles,150.0,0.0,1232.0,Microsoft,7.5,403.0,9/8/2024,yellow,184800.0
Pathfinder PAG240 (Blue),Watches,250.0,0.0,676.0,Casio,8.75,638.0,8/30/2024,blue,169000.0
"3-Stripes Track Jacket (White, XL)",Clothing,65.0,0.0,1070.0,Adidas,8.75,343.0,8/27/2020,white,69550.0
Air Fryer XXL (Gray),Kitchen,249.99,307.0,995.0,Philips,8.75,295.0,7/1/2025,gray,248740.05000000002
Viper Ultimate (Black),Mice,149.99,151.0,896.0,Razer,9.25,44.0,5/3/2020,black,134391.04
"Bravia X85J (75"", Blue frame)",TVs,1699.0,265.0,1189.0,Sony,8.75,691.0,11/22/2025,blue,2020111.0
Duo Nova (Red),Kitchen,99.95,131.0,758.0,Instant Pot,8.75,48.0,7/27/2022,red,75762.1
"Yoga Slim 7 (1TB, Blue)",Laptops,1299.0,0.0,708.0,Lenovo,8.75,172.0,6/26/2025,blue,919692.0
"Surface Go 3 (64GB, Brown)",Tablets,399.99,0.0,1009.0,Microsoft,7.8,579.0,11/23/2020,brown,403589.91000000003
Scrabble (Black),Toys,19.99,0.0,1112.0,Mattel,8.75,358.0,12/14/2023,black,22228.879999999997
G810 Orion Spectrum (Brown),Keyboards,159.99,0.0,1508.0,Logitech,8.75,777.0,11/12/2024,brown,241264.92
Duo Evo Plus (Gray),Kitchen,129.99,,1231.0,Instant Pot,8.7,521.0,3/24/2024,gray,160017.69
"iPhone 13 (512GB, Gray)",Smartphones,1099.0,333.0,814.0,Apple,9.52,34.0,2/25/2022,gray,894586.0
Flashback Portable (Blue),Gaming Consoles,39.99,0.0,958.0,Atari,8.25,12.0,7/9/2022,blue,38310.420000000006
"IdeaPad Duet Chromebook (256GB, Green)",Tablets,299.0,428.0,1405.0,Lenovo,8.5,741.0,5/18/2021,green,420095.0
BlackWidow Elite (Green),Keyboards,129.99,211.0,1046.0,Razer,8.7,332.0,10/14/2021,green,135969.54
"6T (64GB, Purple)",Smartphones,299.0,0.0,1259.0,OnePlus,8.5,627.0,2/21/2025,purple,376441.0
"Real Madrid Home Jersey (Yellow, XS)",Clothing,90.0,130.0,1064.0,Adidas,8.5,413.0,10/13/2025,yellow,95760.0
"MatePad 11 (1TB, Green)",Tablets,899.0,311.0,1325.0,Huawei,8.5,768.0,10/9/2020,green,1191175.0
"Cali (White, EU 40)",Shoes,80.0,149.0,1469.0,Puma,8.5,794.0,6/9/2022,white,117520.0
Bluetooth Mouse (Orange),Mice,29.99,487.0,975.0,Microsoft,8.5,309.0,5/23/2022,blue,29240.25
"Bravia Z9F (50"", Black frame)",TVs,1599.0,0.0,1304.0,Sony,8.75,817.0,2/13/2025,black,2085096.0
"65OLED936 (65"", White frame)",TVs,2800.0,166.0,982.0,Philips,8.5,711.0,7/26/2022,white,2749600.0
Kinetic Sand (Gray),Toys,14.99,0.0,1166.0,Spin Master,8.75,420.0,8/21/2020,gray,17478.34
Nerf Elite 2.0 (Brown),Toys,24.99,244.0,1155.0,Hasbro,8.5,480.0,5/27/2021,brown,28863.449999999997
"iPad Air (2020) (512GB, Purple)",Tablets,749.0,368.0,1400.0,Apple,8.75,785.0,9/2/2023,purple,1048600.0
Naga Trinity (White),Mice,99.99,211.0,1370.0,Razer,8.75,628.0,7/11/2024,white,136986.3
Masters of the Universe He-Man (Green),Toys,34.99,99.0,1031.0,Mattel,9.2,185.0,2/26/2020,green,36074.69
Pro Mouse (Brown),Mice,79.0,138.0,874.0,Apple,8.75,157.0,8/9/2024,brown,69046.0
K60 RGB Pro (Purple),Keyboards,90.0,177.0,932.0,Corsair,8.75,201.0,4/23/2023,purple,83880.0
"Poco F3 (256GB, Black)",Smartphones,299.0,107.0,1310.0,Xiaomi,8.75,585.0,7/14/2020,black,391690.0
Charge 5 (Brown),Watches,129.95,0.0,633.0,Fitbit,8.65,556.0,1/9/2022,brown,82258.34999999999
"Basic Hoodie (White, M)",Clothing,25.0,440.0,644.0,H&M,7.8,170.0,5/14/2023,white,16100.0
"IdeaPad Flex 5 (1TB, Gray)",Laptops,800.0,0.0,708.0,Lenovo,8.75,103.0,2/9/2020,gray,566400.0
"65S535 (75"", Blue frame)",TVs,1299.0,473.0,1107.0,TCL,8.5,630.0,11/28/2023,blue,1437993.0
"Curry Basketball Jersey (Red, XXL)",Clothing,120.0,0.0,1395.0,Under Armour,8.75,633.0,1/8/2023,red,167400.0
"75PML9506 (55"", Purple frame)",TVs,1300.0,0.0,768.0,Philips,8.4,326.0,6/1/2023,purple,998400.0
"VivoBook 15 X512 (1TB, Orange)",Laptops,650.0,0.0,1134.0,Asus,8.3,601.0,4/12/2024,orange,737100.0
Apex 350 (Orange),Keyboards,99.99,0.0,705.0,SteelSeries,8.25,130.0,10/3/2020,orange,70492.95
Prime Wireless (Orange),Mice,129.99,0.0,1344.0,SteelSeries,8.75,619.0,9/6/2025,orange,174706.56
"Workout Plus (Yellow, EU 40)",Shoes,75.0,0.0,1296.0,Reebok,8.3,654.0,10/22/2025,yellow,97200.0
"LinkBuds S (Wireless, Yellow)",Headphones,199.99,137.0,1072.0,Sony,8.75,358.0,4/7/2022,yellow,214389.28
"Essentials Hoodie (Green, M)",Clothing,70.0,0.0,917.0,Adidas,8.5,258.0,9/17/2025,green,64190.0
"Ribcage Straight Ankle (Red, XL)",Clothing,98.0,136.0,1487.0,Levi's,8.75,732.0,6/21/2022,red,145726.0
"VivoBook S15 (256GB, Orange)",Laptops,750.0,0.0,795.0,Asus,8.2,322.0,3/9/2022,orange,596250.0
"FC Barcelona Home Jersey (Orange, M)",Clothing,90.0,0.0,1545.0,Nike,8.75,794.0,4/30/2025,orange,139050.0
"MediaPad M5 (64GB, Black)",Tablets,349.99,255.0,814.0,Huawei,8.25,276.0,10/14/2025,black,284891.86
Watch Series 6 (Orange),Watches,399.0,158.0,714.0,Apple,8.75,741.0,12/18/2023,orange,284886.0
"ThinkPad X1 Yoga (4th Gen) (256GB, White)",Laptops,1200.0,0.0,616.0,Lenovo,8.5,141.0,11/2/2025,white,739200.0
"Yoga Tab 13 (256GB, Gray)",Tablets,679.0,0.0,1132.0,Lenovo,8.3,616.0,6/3/2020,gray,768628.0
"QLED Q80A (65"", Black frame)",TVs,1199.0,114.0,1232.0,Samsung,8.7,682.0,1/17/2025,black,1477168.0
Switch (Black),Gaming Consoles,299.99,420.0,2043.0,Nintendo,9.2,434.0,11/21/2022,black,612879.5700000001
Foodi Grill (Blue),Kitchen,199.99,487.0,1598.0,Ninja,9.0,801.0,9/11/2021,blue,319584.02
Apex M800 (Yellow),Keyboards,199.99,151.0,1310.0,SteelSeries,8.75,590.0,1/9/2024,yellow,261986.90000000002
"AirPods Pro (2nd generation) (Wired, Gray)",Headphones,249.0,0.0,1229.0,Apple,9.4,347.0,10/13/2024,red,306021.0
Watch Ultra (Black),Watches,799.0,0.0,368.0,Apple,9.2,2.0,8/30/2021,black,294032.0
Darcy Sofa (Brown),Furniture,499.99,202.0,1391.0,Ashley Furniture,8.45,807.0,12/18/2023,brown,695486.09
"Alphabounce (Yellow, EU 40)",Shoes,120.0,375.0,1121.0,Adidas,8.5,457.0,7/3/2021,yellow,134520.0
"Linen Blend Shirt (Red, L)",Clothing,35.0,0.0,600.0,H&M,8.25,12.0,5/2/2025,red,21000.0
Xbox One (Gray),Gaming Consoles,299.0,439.0,2216.0,Microsoft,8.5,755.0,1/22/2023,gray,662584.0
Luxe (White),Watches,129.95,329.0,717.0,Fitbit,8.75,691.0,9/17/2020,white,93174.15
Aeron Chair (Black),Furniture,1695.0,459.0,680.0,Herman Miller,9.5,0.0,10/17/2023,black,1152600.0
Havalance Coffee Table (Red),Furniture,350.0,31.0,1193.0,Ashley Furniture,8.5,565.0,6/1/2021,red,417550.0
2-Slice Toaster (Purple),Kitchen,59.99,5.0,1468.0,KitchenAid,8.75,736.0,1/30/2024,purple,88065.32
Fenix 6 (Blue),Watches,399.99,0.0,386.0,Garmin,8.75,95.0,10/28/2024,blue,154396.14
2600 (White),Gaming Consoles,229.99,0.0,1299.0,Atari,8.5,176.0,9/5/2020,white,298757.01
"QLED Q80A (43"", Brown frame)",TVs,799.0,138.0,914.0,Samsung,8.75,308.0,1/11/2025,brown,730286.0
"Gazelle (Brown, EU 39)",Shoes,100.0,192.0,914.0,Adidas,8.5,256.0,7/14/2023,brown,91400.0
G-Shock GA700 (Green),Watches,99.0,0.0,578.0,Casio,8.75,425.0,10/17/2023,green,57222.0
Watch Series 1 (Purple),Watches,199.0,314.0,427.0,Apple,7.8,393.0,1/26/2024,purple,84973.0
"iPad mini (2021) (256GB, Black)",Tablets,599.0,0.0,1292.0,Apple,8.75,629.0,3/6/2025,black,773908.0
Genesis Mini (Gray),Gaming Consoles,79.99,0.0,2014.0,Sega,9.0,450.0,12/26/2022,gray,161099.86
K65 RGB Mini (Blue),Keyboards,109.99,99.0,1521.0,Corsair,8.75,785.0,1/4/2023,blue,167294.78999999998
Classic Brick Set (10717) (Gray),Toys,45.0,0.0,1194.0,LEGO,9.2,327.0,4/7/2020,gray,53730.0
M720 Triathlon (Black),Mice,49.99,181.0,910.0,Logitech,8.75,184.0,11/4/2024,black,45490.9
Strafe RGB MK.2 (Green),Keyboards,159.99,237.0,1458.0,Corsair,8.75,731.0,7/30/2021,green,233265.42
"TUF Gaming A15 (128GB, Green)",Laptops,950.0,0.0,1054.0,Asus,8.5,531.0,6/3/2021,green,1001300.0
"G3 15 (256GB, Yellow)",Laptops,999.0,135.0,516.0,Dell,8.2,95.0,1/6/2022,yellow,515484.0
"Tab M10 FHD Plus (128GB, Gray)",Tablets,230.0,0.0,632.0,Lenovo,8.2,88.0,10/3/2023,gray,145360.0
Apex 7 (Purple),Keyboards,129.99,494.0,1546.0,SteelSeries,9.2,686.0,6/17/2023,purple,200964.54
G213 Prodigy (Green),Keyboards,49.99,0.0,1449.0,Logitech,8.5,750.0,12/19/2024,green,72435.51000000001
"55PUS7956/12 (43"", Purple frame)",TVs,350.0,0.0,891.0,Philips,7.8,475.0,8/2/2022,purple,311850.0
"Noise Cancelling Headphones 700 (Wired, Brown)",Headphones,379.0,358.0,1462.0,Bose,9.2,654.0,6/19/2020,red,554098.0
The Bambino Plus (Orange),Kitchen,499.95,410.0,742.0,Breville,8.75,84.0,9/27/2023,orange,370962.89999999997
"Poco F3 (512GB, White)",Smartphones,400.0,191.0,1317.0,Xiaomi,8.35,745.0,6/20/2022,white,526800.0
"Spectre x360 15 (128GB, Blue)",Laptops,1200.0,327.0,618.0,HP,8.7,81.0,9/28/2025,blue,741600.0
Sensei Ten (Black),Mice,69.99,219.0,1540.0,SteelSeries,9.2,660.0,2/3/2022,black,107784.59999999999
"11T (128GB, Yellow)",Smartphones,299.0,164.0,1401.0,Xiaomi,8.45,773.0,8/18/2022,yellow,418899.0
"iPad Air (2022) (256GB, Blue)",Tablets,749.0,28.0,1101.0,Apple,8.5,521.0,3/23/2023,blue,824649.0
"9 (64GB, White)",Smartphones,399.0,0.0,1263.0,OnePlus,8.75,554.0,5/11/2020,white,503937.0
"XPS 13 (9360) (1TB, Purple)",Laptops,1200.0,290.0,1272.0,Dell,8.7,694.0,9/4/2024,purple,1526400.0
"Powerbeats Pro (Wireless, Purple)",Headphones,199.95,174.0,1205.0,Apple,9.2,364.0,11/23/2023,purple,240939.75
Foodi Smoothie Bowl Maker (Yellow),Kitchen,129.99,234.0,756.0,Ninja,8.65,68.0,12/8/2022,yellow,98272.44
"Stan Smith (Red, EU 46)",Shoes,100.0,331.0,1366.0,Adidas,8.75,616.0,8/8/2024,red,136600.0
"HD 800S (Wireless, Green)",Headphones,1699.0,0.0,906.0,Sennheiser,9.45,239.0,11/4/2021,green,1539294.0
"Curry Basketball Jersey (Black, M)",Clothing,80.0,191.0,1461.0,Under Armour,8.75,686.0,12/31/2023,black,116880.0
13-Cup Food Processor KFP1333 (Green),Kitchen,199.99,0.0,1444.0,KitchenAid,8.75,728.0,10/7/2024,green,288785.56
"Pleated Skirt (Yellow, XXL)",Clothing,29.99,0.0,688.0,H&M,8.4,57.0,9/23/2020,yellow,20633.12
"ThinkBook 15 (128GB, White)",Laptops,649.0,0.0,1091.0,Lenovo,7.8,700.0,8/8/2021,white,708059.0
Creator Expert Taj Mahal (10256) (Orange),Toys,369.99,440.0,1185.0,LEGO,9.2,366.0,12/8/2023,orange,438438.15
Switch Lite (Yellow),Gaming Consoles,199.99,489.0,2202.0,Nintendo,8.75,672.0,1/20/2024,yellow,440377.98000000004
Ebern Designs Convertible Sofa (Red),Furniture,399.99,0.0,1020.0,Wayfair,7.85,577.0,10/31/2025,red,407989.8
All-in-One Media Keyboard (Orange),Keyboards,39.99,0.0,1065.0,Microsoft,8.75,322.0,3/6/2023,orange,42589.35
"Yoga 9i (512GB, White)",Laptops,1400.0,480.0,728.0,Lenovo,8.75,206.0,11/13/2022,white,1019200.0
Dreamcast (Black),Gaming Consoles,150.0,181.0,1949.0,Sega,8.5,583.0,2/22/2020,black,292350.0
ST (Gray),Gaming Consoles,60.0,0.0,856.0,Atari,7.5,165.0,12/16/2021,gray,51360.0
Poäng Armchair (Purple),Furniture,79.0,313.0,918.0,IKEA,8.75,187.0,4/8/2025,purple,72522.0
"Air Max 90 (Red, EU 39)",Shoes,130.0,381.0,1203.0,Nike,8.7,488.0,12/27/2024,red,156390.0
"iPad (2017) (256GB, Orange)",Tablets,649.0,490.0,726.0,Apple,8.5,160.0,9/22/2021,orange,471174.0
13-Cup Food Processor KFP1333 (Gray),Kitchen,199.99,282.0,733.0,KitchenAid,8.75,36.0,6/8/2025,gray,146592.67
"65OLED936 (43"", Yellow frame)",TVs,1200.0,405.0,767.0,Philips,8.75,203.0,5/21/2021,yellow,920400.0
"55OLED806 (65"", Brown frame)",TVs,1800.0,,454.0,Philips,8.75,3.0,8/14/2020,brown,817200.0
"XPS 17 (9700) (256GB, Red)",Laptops,1800.0,451.0,427.0,Dell,8.5,41.0,6/7/2025,red,768600.0
Watch Series 4 (Brown),Watches,299.0,379.0,494.0,Apple,8.75,293.0,9/22/2020,brown,147706.0
"ThinkPad X1 Carbon (7th Gen) (64GB, Black)",Laptops,2000.0,0.0,572.0,Lenovo,8.5,208.0,11/7/2025,black,1144000.0
"Mate 40 (64GB, Brown)",Smartphones,499.0,0.0,838.0,Huawei,8.2,338.0,5/25/2022,brown,418162.0
"501 Original Jeans (White, S)",Clothing,69.99,0.0,1061.0,Levi's,8.25,459.0,12/25/2021,white,74259.39
"P30 (1TB, Green)",Smartphones,699.0,183.0,901.0,Huawei,8.5,367.0,2/22/2025,green,629799.0
Artisan Stand Mixer (Green),Kitchen,399.99,0.0,1506.0,KitchenAid,9.5,606.0,11/18/2025,green,602384.9400000001
Magic Trackpad 2 (Green),Mice,129.0,343.0,1006.0,Apple,9.0,213.0,8/11/2020,green,129774.0
Galaxy Watch 3 (Red),Watches,250.0,101.0,605.0,Samsung,8.5,566.0,4/21/2024,red,151250.0
"Bravia X90J (43"", Purple frame)",TVs,899.0,121.0,615.0,Sony,8.75,24.0,9/2/2020,purple,552885.0
Pax Wardrobe (Purple),Furniture,300.0,0.0,888.0,IKEA,8.5,263.0,10/18/2021,purple,266400.0
"QLED Q70A (43"", Orange frame)",TVs,699.0,0.0,811.0,Samsung,8.5,238.0,1/2/2022,orange,566889.0
The Grind Control (Brown),Kitchen,299.95,0.0,1144.0,Breville,8.75,449.0,11/6/2023,brown,343142.8
"Redmi Note 11 (1TB, Brown)",Smartphones,350.0,88.0,835.0,Xiaomi,8.5,220.0,1/25/2020,red,292250.0
Galaxy Watch (Green),Watches,249.99,230.0,614.0,Samsung,8.7,532.0,8/30/2024,green,153493.86000000002
"574 (Blue, EU 38)",Shoes,85.0,251.0,1188.0,New Balance,8.5,519.0,5/1/2020,blue,100980.0
"iPhone XR (128GB, Brown)",Smartphones,499.0,332.0,698.0,Apple,8.5,113.0,9/26/2024,brown,348302.0
"Bravia A90J (43"", Red frame)",TVs,1299.0,431.0,738.0,Sony,8.75,198.0,9/23/2022,red,958662.0
Mega Drive Mini (Orange),Gaming Consoles,79.99,44.0,1605.0,Sega,8.75,270.0,7/7/2020,orange,128383.95
Foodi Grill (Black),Kitchen,229.99,174.0,969.0,Ninja,9.2,145.0,5/23/2024,black,222860.31
"Redmi Note 10 (64GB, Yellow)",Smartphones,180.0,0.0,738.0,Xiaomi,8.6,75.0,4/12/2022,red,132840.0
Monster Jam RC (Blue),Toys,39.99,488.0,717.0,Spin Master,8.5,56.0,12/6/2020,blue,28672.83
Bluetooth Mouse (Green),Mice,29.99,453.0,1393.0,Microsoft,8.5,710.0,4/9/2020,blue,41776.07
Beginnings TV Stand (White),Furniture,150.0,229.0,722.0,Sauder,8.25,146.0,4/24/2023,white,108300.0
Aerox 3 Wireless (Black),Mice,99.99,0.0,749.0,SteelSeries,8.75,37.0,12/4/2022,black,74892.51
Daily Collection Kettle (Purple),Kitchen,30.0,0.0,1147.0,Philips,8.5,463.0,12/21/2025,purple,34410.0
"Armour Fleece Pants (Orange, M)",Clothing,45.0,148.0,1217.0,Under Armour,8.65,479.0,1/8/2020,orange,54765.0
PlayStation 5 (Black),Gaming Consoles,499.99,417.0,2114.0,Sony,9.3,487.0,4/26/2020,black,1056978.86
Wii (Orange),Gaming Consoles,150.0,0.0,1419.0,Nintendo,8.75,184.0,2/21/2022,orange,212850.0
"Windrunner Jacket (Green, L)",Clothing,120.0,0.0,1392.0,Nike,8.75,666.0,12/12/2021,green,167040.0
"ROG Zephyrus G14 (64GB, Orange)",Laptops,2499.0,,1052.0,Asus,8.75,668.0,7/17/2025,orange,2628948.0
Billy Bookcase (Purple),Furniture,89.0,0.0,1446.0,IKEA,8.45,778.0,11/27/2021,purple,128694.0
"Vanish Woven Pants (Red, XS)",Clothing,60.0,314.0,1200.0,Under Armour,8.35,564.0,1/24/2022,red,72000.0
"Legion 5 (128GB, White)",Laptops,950.0,345.0,1097.0,Lenovo,8.75,508.0,1/15/2024,white,1042150.0
Instinct (Gray),Watches,299.0,0.0,693.0,Garmin,8.75,679.0,5/11/2024,gray,207207.0
"Galaxy Note20 (512GB, Yellow)",Smartphones,999.0,38.0,672.0,Samsung,8.75,91.0,12/18/2024,yellow,671328.0
"7 Pro (256GB, Purple)",Smartphones,599.0,390.0,811.0,OnePlus,8.5,231.0,11/20/2022,purple,485789.0
"Redmi Note 11 (1TB, Gray)",Smartphones,400.0,54.0,854.0,Xiaomi,8.25,332.0,10/21/2021,red,341600.0
Creator Expert Taj Mahal (10256) (White),Toys,369.99,0.0,1475.0,LEGO,9.25,651.0,11/2/2021,white,545735.25
Rival 3 (Yellow),Mice,29.99,0.0,765.0,SteelSeries,8.75,42.0,12/16/2024,yellow,22942.35
Naga Trinity (Brown),Mice,99.99,205.0,1158.0,Razer,8.75,433.0,9/21/2025,brown,115788.42
Magic Mouse (Blue),Mice,79.0,0.0,824.0,Apple,8.5,171.0,9/9/2024,blue,65096.0
"Rival Fleece Hoodie (Gray, M)",Clothing,55.0,153.0,1204.0,Under Armour,8.75,455.0,1/16/2024,gray,66220.0
Forerunner 945 (Orange),Watches,599.99,0.0,500.0,Garmin,8.75,325.0,9/8/2023,orange,299995.0
Viva Collection Juicer (Orange),Kitchen,99.99,390.0,1379.0,Philips,8.45,716.0,8/25/2024,orange,137886.21
"MatePad 11 (128GB, Green)",Tablets,450.0,498.0,865.0,Huawei,8.5,258.0,7/12/2023,green,389250.0
"Galaxy Tab S5e (128GB, Black)",Tablets,450.0,0.0,1018.0,Samsung,8.5,405.0,9/18/2021,black,458100.0
G-Shock Mudmaster (Brown),Watches,350.0,0.0,345.0,Casio,8.75,11.0,2/23/2021,brown,120750.0
Magic Trackpad (Late 2022) (Blue),Mice,149.0,0.0,1106.0,Apple,8.75,390.0,11/25/2023,blue,164794.0
BlackWidow Lite (Purple),Keyboards,89.99,196.0,1136.0,Razer,8.5,471.0,10/9/2025,black,102228.64
Magic Trackpad 2 (Brown),Mice,129.0,452.0,1030.0,Apple,8.75,314.0,9/17/2025,brown,132870.0
"IdeaPad Flex 5 (128GB, Orange)",Laptops,499.0,223.0,661.0,Lenovo,8.2,154.0,11/9/2021,orange,329839.0
Magic Trackpad 2 (Yellow),Mice,129.0,0.0,1050.0,Apple,8.5,383.0,4/15/2023,yellow,135450.0
"MatePad T10 (512GB, Purple)",Tablets,250.0,244.0,884.0,Huawei,7.8,444.0,5/31/2025,purple,221000.0
Versa 3 (Orange),Watches,199.95,435.0,478.0,Fitbit,8.4,323.0,9/2/2025,orange,95576.09999999999
"HD 450BT (Wired, Gray)",Headphones,100.0,156.0,1066.0,Sennheiser,8.75,344.0,2/8/2023,red,106600.0
Hatchimals CollEGGtibles (Gray),Toys,9.99,465.0,1120.0,Spin Master,8.5,438.0,5/27/2024,gray,11188.800000000001
Foodi Multi-Cooker (Green),Kitchen,199.99,392.0,1264.0,Ninja,8.75,537.0,11/10/2025,green,252787.36000000002
G-Shock Rangeman (Red),Watches,300.0,90.0,416.0,Casio,8.75,138.0,12/22/2023,red,124800.0
"SB Icon Hoodie (Black, M)",Clothing,60.0,0.0,785.0,Nike,8.75,62.0,5/8/2024,black,47100.0
Pathfinder PAG240 (Orange),Watches,300.0,360.0,526.0,Casio,8.75,352.0,11/20/2024,orange,157800.0
"4-Series 55S435 (55"", Black frame)",TVs,350.0,0.0,708.0,TCL,8.5,109.0,10/3/2022,black,247800.0
N64 (Brown),Gaming Consoles,130.0,307.0,1174.0,Nintendo,8.25,163.0,12/30/2023,brown,152620.0
5200 (Brown),Gaming Consoles,49.99,302.0,1648.0,Atari,7.5,632.0,12/31/2023,brown,82383.52
K70 RGB MK.2 (Green),Keyboards,160.0,474.0,1078.0,Corsair,8.75,349.0,10/27/2022,green,172480.0
Star Wars Millennium Falcon (75192) (Gray),Toys,849.99,0.0,1509.0,LEGO,9.5,681.0,9/12/2025,gray,1282634.91
"Mi 9 (128GB, Red)",Smartphones,300.0,0.0,1112.0,Xiaomi,8.5,481.0,11/7/2021,red,333600.0
"Beats Flex (Wireless, Red)",Headphones,69.99,320.0,1044.0,Apple,8.3,422.0,4/22/2021,red,73069.56
"SoundSport Wireless (Wireless, Orange)",Headphones,129.0,205.0,1243.0,Bose,8.75,510.0,1/15/2020,orange,160347.0
"Yeezy Boost 350 V2 (Blue, EU 46)",Shoes,240.0,0.0,1091.0,Adidas,8.75,386.0,3/26/2023,blue,261840.0
"505 Regular Jeans (Yellow, M)",Clothing,59.99,282.0,1055.0,Levi's,8.75,308.0,1/24/2020,yellow,63289.450000000004
Baby Learning Table (Yellow),Toys,39.99,206.0,1292.0,Fisher-Price,8.75,550.0,8/7/2021,yellow,51667.08
MX Master 3 (White),Mice,99.99,427.0,1619.0,Logitech,9.25,731.0,3/14/2020,white,161883.81
Xbox One X (Red),Gaming Consoles,399.99,0.0,1680.0,Microsoft,8.5,435.0,6/4/2023,red,671983.2000000001
"5 (256GB, Brown)",Smartphones,499.0,3.0,802.0,OnePlus,8.75,137.0,8/10/2020,brown,400198.0
Baby-G BA110 (Red),Watches,120.0,319.0,627.0,Casio,8.5,588.0,5/18/2024,red,75240.0
Foodi Smoothie Bowl Maker (Orange),Kitchen,99.99,68.0,751.0,Ninja,8.5,105.0,1/2/2021,orange,75092.48999999999
"Condivo 20 Training Top (Blue, XXL)",Clothing,50.0,54.0,1144.0,Adidas,8.5,482.0,4/1/2022,blue,57200.0
Greyleigh Coffee Table (Gray),Furniture,320.0,0.0,1031.0,Wayfair,8.5,407.0,1/8/2021,gray,329920.0
"Linen Blend Shirt (Red, L)",Clothing,35.0,0.0,600.0,H&M,8.25,17.0,5/2/2025,red,21000.0
Jenga (Black),Toys,19.99,239.0,1225.0,Hasbro,8.75,488.0,7/27/2025,black,24487.749999999996
"Armour Fleece Pants (Black, XS)",Clothing,40.0,0.0,1118.0,Under Armour,8.7,389.0,12/29/2023,black,44720.0
Apex M800 (Green),Keyboards,150.0,269.0,1403.0,SteelSeries,9.25,530.0,11/18/2023,green,210450.0
Digital Media Keyboard 3000 (Gray),Keyboards,30.0,220.0,1083.0,Microsoft,8.5,416.0,5/4/2022,gray,32490.0
"Surface Go 3 (64GB, White)",Tablets,399.0,0.0,724.0,Microsoft,7.8,310.0,1/1/2024,white,288876.0
"Mi 11 (64GB, Orange)",Smartphones,399.0,273.0,1355.0,Xiaomi,8.6,694.0,2/26/2023,orange,540645.0
Mighty Mouse (Green),Mice,69.0,344.0,662.0,Apple,8.5,11.0,12/25/2020,green,45678.0
"Surface Pro 7 (64GB, White)",Tablets,749.0,0.0,1143.0,Microsoft,8.5,598.0,5/21/2024,white,856107.0
The Grind Control (Blue),Kitchen,329.95,63.0,1121.0,Breville,8.75,419.0,4/16/2025,blue,369873.95
"MacBook Pro 16 (2021) (1TB, Orange)",Laptops,2499.0,0.0,530.0,Apple,9.25,47.0,7/6/2022,orange,1324470.0
The Bambino Plus (Green),Kitchen,499.95,0.0,1398.0,Breville,9.2,604.0,2/22/2025,green,698930.1
"Galaxy Tab Active3 (256GB, White)",Tablets,539.99,21.0,1150.0,Samsung,8.5,553.0,9/28/2025,white,620988.5
"8-Series Q825 (75"", Purple frame)",TVs,1800.0,0.0,455.0,TCL,8.7,20.0,9/18/2022,purple,819000.0
"IE 80 S (Wired, Yellow)",Headphones,199.95,0.0,1133.0,Sennheiser,8.75,396.0,9/17/2021,red,226543.34999999998
"iPad mini (2021) (256GB, Orange)",Tablets,649.0,0.0,728.0,Apple,8.75,100.0,4/18/2022,orange,472472.0
PSX (Yellow),Gaming Consoles,150.0,159.0,1426.0,Sony,8.75,171.0,5/7/2024,yellow,213900.0
Viper Ultimate (Purple),Mice,149.99,0.0,1027.0,Razer,8.75,301.0,8/28/2023,purple,154039.73
The Grind Control (Gray),Kitchen,329.95,313.0,1253.0,Breville,8.75,567.0,12/8/2020,gray,413427.35
Pictionary (Red),Toys,20.0,0.0,875.0,Mattel,8.75,150.0,1/24/2025,red,17500.0
"HD 599 (Wireless, Yellow)",Headphones,199.0,436.0,1128.0,Sennheiser,8.75,416.0,2/13/2022,yellow,224472.0
"530 (Gray, EU 46)",Shoes,120.0,0.0,1252.0,New Balance,8.5,599.0,5/14/2025,gray,150240.0
"55S535 (43"", Brown frame)",TVs,300.0,0.0,1181.0,TCL,8.75,481.0,11/14/2024,brown,354300.0
"Crewneck Sweatshirt (Brown, S)",Clothing,24.99,343.0,958.0,H&M,7.8,459.0,10/30/2023,brown,23940.42
"Real Madrid Home Jersey (Red, XXL)",Clothing,100.0,408.0,819.0,Adidas,8.75,94.0,3/8/2024,red,81900.0
"AirPods (3rd generation) (Wireless, Red)",Headphones,179.0,0.0,1243.0,Apple,8.75,524.0,12/15/2023,red,222497.0
"Puffer Jacket (Black, XS)",Clothing,59.99,2.0,926.0,H&M,8.2,354.0,12/7/2023,black,55550.740000000005
"Pro HyperWarm Top (Black, XL)",Clothing,70.0,0.0,1337.0,Nike,8.5,667.0,5/17/2021,black,93590.0
"MatePad Paper (512GB, Brown)",Tablets,699.0,0.0,620.0,Huawei,7.8,259.0,6/22/2022,brown,433380.0
"Mi 8 (256GB, Blue)",Smartphones,299.0,217.0,798.0,Xiaomi,8.3,239.0,12/16/2024,blue,238602.0
Watch SE (Gray),Watches,279.0,0.0,717.0,Apple,8.5,777.0,6/9/2021,gray,200043.0
"MatePad 11 (64GB, Brown)",Tablets,400.0,0.0,987.0,Huawei,8.2,447.0,12/25/2022,brown,394800.0
"Basic Hoodie (Blue, S)",Clothing,25.0,0.0,907.0,H&M,8.5,243.0,1/2/2020,blue,22675.0
Versa (Brown),Watches,229.95,112.0,642.0,Fitbit,8.5,639.0,5/7/2022,brown,147627.9
"P40 (256GB, Green)",Smartphones,699.0,446.0,1307.0,Huawei,8.5,715.0,7/21/2020,green,913593.0
"XPS 13 (9360) (64GB, Black)",Laptops,1500.0,405.0,1243.0,Dell,8.7,738.0,6/18/2021,black,1864500.0
"P40 (256GB, Purple)",Smartphones,499.0,0.0,1277.0,Huawei,8.2,740.0,2/1/2022,purple,637223.0
"Rival Fleece Hoodie (Brown, XL)",Clothing,55.0,349.0,1149.0,Under Armour,8.75,405.0,7/15/2023,brown,63195.0
Xbox Series X (Purple),Gaming Consoles,499.99,285.0,1866.0,Microsoft,9.5,274.0,6/30/2024,purple,932981.34
Precision Mouse (Yellow),Mice,49.99,292.0,1309.0,Microsoft,8.75,567.0,4/1/2024,yellow,65436.91
"AU8000 (75"", Gray frame)",TVs,1199.99,360.0,868.0,Samsung,8.25,446.0,1/1/2023,gray,1041591.3200000001
Rival 710 (Gray),Mice,99.99,442.0,831.0,SteelSeries,8.75,106.0,10/26/2022,gray,83091.69
Eames Lounge Chair (Orange),Furniture,8195.0,192.0,472.0,Herman Miller,9.75,696.0,6/5/2021,orange,3868040.0
"Zig Kinetica (Yellow, EU 40)",Shoes,120.0,0.0,854.0,Reebok,8.5,208.0,4/23/2022,yellow,102480.0
"OLED C1 (75"", Black frame)",TVs,2299.99,471.0,714.0,LG,9.3,189.0,11/11/2021,black,1642192.8599999999
Zipcode Design Desk (Purple),Furniture,150.0,346.0,1108.0,Wayfair,8.25,521.0,11/19/2022,purple,166200.0
"ProBook 450 G7 (1TB, Brown)",Laptops,850.0,119.0,915.0,HP,8.5,392.0,5/15/2020,brown,777750.0
"Samba (Purple, EU 46)",Shoes,90.0,80.0,1066.0,Adidas,8.5,401.0,10/31/2020,purple,95940.0
"Galaxy Tab S8 (1TB, Blue)",Tablets,1199.99,298.0,826.0,Samsung,8.7,281.0,5/21/2020,blue,991191.74
"Pleated Skirt (Brown, XS)",Clothing,29.99,119.0,1078.0,H&M,8.25,468.0,4/19/2024,brown,32329.219999999998
"MacBook Pro 13 (2022) (256GB, Brown)",Laptops,1199.0,162.0,751.0,Apple,8.9,172.0,2/18/2022,brown,900449.0
Pasta Maker (Green),Kitchen,199.99,0.0,992.0,Philips,8.75,279.0,2/17/2020,green,198390.08000000002
"NMD R1 (Brown, EU 40)",Shoes,140.0,0.0,856.0,Adidas,8.5,197.0,10/7/2020,brown,119840.0
Foodi Digital Air Fry Oven (Red),Kitchen,299.99,89.0,1302.0,Ninja,9.0,527.0,7/25/2021,red,390586.98000000004
"Surface Pro 6 (128GB, Red)",Tablets,799.0,417.0,1151.0,Microsoft,8.5,581.0,5/22/2023,red,919649.0
"PXC 550 (Wireless, Red)",Headphones,299.95,0.0,935.0,Sennheiser,8.75,244.0,4/5/2023,red,280453.25
"QNED MiniLED 90 (43"", Green frame)",TVs,699.99,308.0,1343.0,LG,8.45,790.0,5/3/2020,green,940086.5700000001
"VivoBook S15 (512GB, Brown)",Laptops,749.0,0.0,713.0,Asus,8.3,225.0,1/27/2022,brown,534037.0
"ExpertBook B9 (64GB, Green)",Laptops,2500.0,0.0,681.0,Asus,8.75,346.0,9/19/2023,green,1702500.0
"iPad (2020) (512GB, Brown)",Tablets,849.0,239.0,763.0,Apple,8.5,242.0,11/23/2021,brown,647787.0
"SoundSport Wireless (Wired, Purple)",Headphones,99.0,43.0,1406.0,Bose,8.5,744.0,6/2/2023,red,139194.0
G915 Lightspeed (Red),Keyboards,229.99,273.0,1314.0,Logitech,9.2,473.0,11/23/2022,red,302206.86
"ZBook Firefly 14 (512GB, Yellow)",Laptops,1500.0,123.0,611.0,HP,8.6,152.0,1/23/2022,yellow,916500.0
Apex M800 (Brown),Keyboards,199.99,47.0,1158.0,SteelSeries,8.75,442.0,6/4/2023,brown,231588.42
"55PUS8804 (55"", Red frame)",TVs,899.0,170.0,1055.0,Philips,8.5,523.0,6/23/2025,red,948445.0
Magic Trackpad (2021) (Red),Mice,129.0,211.0,1321.0,Apple,8.75,583.0,12/15/2022,red,170409.0
"Rox Wireless (Wired, Purple)",Headphones,89.99,0.0,764.0,Jabra,8.5,105.0,5/26/2023,red,68752.36
Magic Trackpad (Brown),Mice,129.0,0.0,897.0,Apple,8.75,183.0,11/25/2025,brown,115713.0
"Chromebook Flip C434 (128GB, Red)",Laptops,500.0,11.0,708.0,Asus,8.0,256.0,8/28/2020,red,354000.0
"Zoom Freak 3 (Green, EU 38)",Shoes,120.0,301.0,1088.0,Nike,8.75,365.0,9/4/2021,green,130560.0
Kallax Shelving Unit (Orange),Furniture,89.99,15.0,884.0,IKEA,8.4,257.0,6/25/2023,orange,79551.15999999999
MX Master 2S (Green),Mice,79.99,274.0,1524.0,Logitech,9.3,632.0,11/19/2022,green,121904.76
Saturn (White),Gaming Consoles,250.0,0.0,1744.0,Sega,8.75,383.0,10/23/2021,white,436000.0
"PXC 550 (Wired, Orange)",Headphones,329.95,76.0,1461.0,Sennheiser,8.75,769.0,4/9/2025,red,482056.95
Daily Collection Kettle (Brown),Kitchen,25.0,349.0,1426.0,Philips,8.5,744.0,11/22/2023,brown,35650.0
"9 (64GB, Yellow)",Smartphones,299.0,65.0,548.0,OnePlus,8.2,21.0,10/5/2024,yellow,163852.0
Sensei Ten (Purple),Mice,69.99,0.0,1392.0,SteelSeries,8.75,658.0,2/4/2022,purple,97426.07999999999
Sensei Ten (Red),Mice,69.99,480.0,1455.0,SteelSeries,9.25,567.0,12/16/2022,red,101835.45
Mercury Row Merwin TV Stand (Green),Furniture,300.0,0.0,665.0,Wayfair,8.25,114.0,7/16/2024,green,199500.0
"WH-1000XM3 (Wired, Green)",Headphones,250.0,0.0,757.0,Sony,8.75,64.0,1/20/2023,red,189250.0
Hot and Cold Brewed System (Red),Kitchen,149.99,156.0,1405.0,Ninja,8.75,674.0,8/20/2024,red,210735.95
"Inspiron 15 3000 (512GB, Black)",Laptops,550.0,0.0,1033.0,Dell,7.8,652.0,4/13/2022,black,568150.0
"Surface Pro 9 (256GB, Red)",Tablets,1099.0,387.0,938.0,Microsoft,8.5,453.0,2/22/2024,red,1030862.0
Viva Collection Juicer (White),Kitchen,120.0,0.0,1429.0,Philips,8.75,706.0,11/15/2021,white,171480.0
Rainforest Jumperoo (Blue),Toys,129.99,437.0,1272.0,Fisher-Price,9.2,422.0,8/22/2020,blue,165347.28
Enchantimals Doll (Red),Toys,12.99,252.0,971.0,Mattel,8.25,366.0,5/23/2023,red,12613.29
Pictionary (Blue),Toys,19.99,0.0,1441.0,Mattel,8.5,747.0,2/10/2023,blue,28805.589999999997
"Yoga Slim 7 (1TB, Red)",Laptops,1200.0,0.0,550.0,Lenovo,8.5,73.0,6/10/2022,red,660000.0
Orochi V2 (White),Mice,69.99,0.0,1391.0,Razer,8.6,713.0,9/26/2025,white,97356.09
"Galaxy Tab Active3 (256GB, Green)",Tablets,650.0,148.0,620.0,Samsung,8.1,169.0,6/22/2024,green,403000.0
"Surface Go 3 (256GB, Green)",Tablets,590.0,299.0,1055.0,Microsoft,7.8,667.0,4/15/2023,green,622450.0
Laugh & Learn Smart Stages Chair (Red),Toys,34.99,360.0,1513.0,Fisher-Price,9.25,628.0,4/4/2024,red,52939.87
Luxe (Yellow),Watches,129.95,0.0,569.0,Fitbit,8.7,444.0,4/9/2025,yellow,73941.54999999999
Fenix 7 (White),Watches,699.99,75.0,769.0,Garmin,9.2,744.0,4/16/2022,white,538292.31
"QuietComfort 35 II (Wireless, Brown)",Headphones,299.0,0.0,1192.0,Bose,9.2,362.0,2/21/2020,brown,356408.0
Mercury Row Merwin TV Stand (White),Furniture,250.0,315.0,1053.0,Wayfair,8.2,505.0,3/20/2022,white,263250.0
"MacBook Air (2019) (128GB, Orange)",Laptops,999.0,429.0,1105.0,Apple,8.5,591.0,5/1/2022,orange,1103895.0
Smart Screen Blender (Brown),Kitchen,180.0,,1438.0,Ninja,8.75,714.0,7/24/2023,brown,258840.0
Bolanburg Dining Table (Gray),Furniture,600.0,491.0,891.0,Ashley Furniture,8.5,288.0,10/22/2022,gray,534600.0
Computer Desk (Gray),Furniture,150.0,234.0,766.0,Sauder,8.25,186.0,3/25/2022,gray,114900.0
Shoal Creek Dresser (Gray),Furniture,220.0,389.0,1359.0,Sauder,8.5,712.0,7/23/2025,gray,298980.0
Venu 2 (Brown),Watches,399.99,0.0,366.0,Garmin,8.75,53.0,9/19/2023,brown,146396.34
"Elite Active 75t (Wired, White)",Headphones,179.99,0.0,980.0,Jabra,8.4,369.0,4/27/2020,red,176390.2
Masters of the Universe He-Man (Black),Toys,25.99,0.0,741.0,Mattel,8.75,13.0,7/28/2023,black,19258.59
Wii U (Black),Gaming Consoles,150.0,0.0,2037.0,Nintendo,8.5,599.0,5/28/2021,black,305550.0
"Galaxy Tab A8 (128GB, Yellow)",Tablets,280.0,140.0,1346.0,Samsung,8.65,672.0,6/15/2025,yellow,376880.0
Ionic (Green),Watches,199.95,0.0,344.0,Fitbit,7.8,249.0,4/3/2020,green,68782.8
"WH-1000XM4 (Wireless, White)",Headphones,349.99,331.0,1432.0,Sony,9.25,590.0,10/11/2021,white,501185.68
Apex Pro Mini (Red),Keyboards,179.99,0.0,1131.0,SteelSeries,9.2,277.0,12/12/2025,red,203568.69
HD9650/99 Premium Airfryer (Orange),Kitchen,349.99,0.0,1483.0,Philips,8.75,767.0,3/11/2021,orange,519035.17000000004
Inspire 2 (Yellow),Watches,299.0,182.0,444.0,Fitbit,8.5,258.0,5/5/2025,yellow,132756.0
Brilliant Basics Corn Popper (Gray),Toys,12.99,91.0,1429.0,Fisher-Price,8.75,664.0,4/11/2021,gray,18562.71
"Momentum 2.0 (Wired, Orange)",Headphones,199.0,0.0,798.0,Sennheiser,8.75,100.0,12/7/2022,red,158802.0
"Omen 15 (1TB, Green)",Laptops,1350.0,0.0,766.0,HP,8.6,279.0,11/4/2021,green,1034100.0
"Redmi Note 9 (256GB, Purple)",Smartphones,250.0,240.0,1367.0,Xiaomi,8.5,730.0,11/11/2025,red,341750.0
"Inspiron 15 3000 (256GB, Black)",Laptops,469.0,0.0,1140.0,Dell,7.8,714.0,2/9/2023,black,534660.0
"AU8000 (50"", White frame)",TVs,500.0,455.0,661.0,Samsung,8.5,75.0,9/26/2025,white,330500.0
MARQ Athlete (White),Watches,1500.0,63.0,349.0,Garmin,8.75,193.0,9/22/2025,white,523500.0
Lynx (Blue),Gaming Consoles,200.0,0.0,795.0,Atari,7.5,144.0,7/13/2020,blue,159000.0
Pro 10-in-1 (Blue),Kitchen,129.99,120.0,896.0,Instant Pot,9.25,38.0,8/23/2020,blue,116471.04000000001
"ZenBook Pro Duo 15 (64GB, White)",Laptops,3499.0,446.0,602.0,Asus,8.75,417.0,2/26/2023,white,2106398.0
"Nano X (White, EU 39)",Shoes,120.0,227.0,702.0,Reebok,8.5,63.0,2/24/2020,white,84240.0
"MatePad Paper (64GB, Orange)",Tablets,499.0,175.0,816.0,Huawei,8.2,317.0,10/22/2023,orange,407184.0
Architecture Statue of Liberty (21042) (Orange),Toys,49.99,0.0,1035.0,LEGO,8.5,380.0,8/12/2024,orange,51739.65
Trinell TV Stand (Gray),Furniture,270.0,38.0,1261.0,Ashley Furniture,8.5,601.0,12/31/2024,gray,340470.0
Bakugan Battle Arena (Gray),Toys,29.99,15.0,1036.0,Spin Master,8.5,369.0,5/22/2024,gray,31069.64
Xbox 360 Arcade (Black),Gaming Consoles,100.0,0.0,1920.0,Microsoft,7.85,716.0,9/1/2024,black,192000.0
"Cotton Chino Pants (Purple, M)",Clothing,29.99,0.0,833.0,H&M,7.5,456.0,9/3/2020,purple,24981.67
Apex M800 (Gray),Keyboards,180.0,232.0,1386.0,SteelSeries,8.75,635.0,2/11/2020,gray,249480.0
"OLED G1 (50"", Purple frame)",TVs,1299.0,0.0,894.0,LG,9.2,234.0,11/15/2021,purple,1161306.0
Clue (Brown),Toys,19.99,118.0,1272.0,Hasbro,8.7,534.0,9/18/2024,brown,25427.28
"MatePad 11 (512GB, Yellow)",Tablets,499.99,66.0,645.0,Huawei,8.5,65.0,9/12/2023,yellow,322493.55
Technic Bugatti Chiron (42083) (Red),Toys,350.0,422.0,1357.0,LEGO,9.45,467.0,1/31/2023,red,474950.0
"Cotton Chino Pants (Gray, L)",Clothing,29.99,444.0,1244.0,H&M,8.5,548.0,6/18/2025,gray,37307.56
"Surface Pro 8 (128GB, Green)",Tablets,799.0,0.0,1361.0,Microsoft,8.5,789.0,9/26/2025,green,1087439.0
Charge 5 (White),Watches,129.95,418.0,666.0,Fitbit,8.75,598.0,5/13/2020,white,86546.7
Pasta Maker (White),Kitchen,149.99,90.0,1066.0,Philips,8.75,322.0,12/5/2021,white,159889.34
Surface Keyboard (White),Keyboards,89.99,210.0,1170.0,Microsoft,8.75,420.0,5/25/2021,white,105288.29999999999
Pro IntelliMouse (Black),Mice,59.99,0.0,1267.0,Microsoft,8.75,514.0,2/9/2023,black,76007.33
"Mate 30 (128GB, Brown)",Smartphones,400.0,127.0,571.0,Huawei,7.8,175.0,10/28/2024,brown,228400.0
Monopoly Board Game (Green),Toys,19.99,402.0,1479.0,Hasbro,8.9,688.0,11/25/2024,green,29565.21
"Denim Jacket (Red, M)",Clothing,49.99,0.0,1196.0,H&M,7.85,711.0,12/23/2022,red,59788.04
"1080v11 (Brown, EU 40)",Shoes,160.0,414.0,1166.0,New Balance,8.75,430.0,1/5/2025,brown,186560.0
"TUF Gaming A15 (1TB, Orange)",Laptops,1200.0,160.0,1252.0,Asus,8.5,766.0,12/18/2020,orange,1502400.0
"ROG Strix Scar 15 (256GB, Red)",Laptops,1800.0,386.0,839.0,Asus,8.6,415.0,1/5/2020,red,1510200.0
"Originals Trefoil Hoodie (Gray, XXL)",Clothing,70.0,457.0,695.0,Adidas,8.4,74.0,11/26/2020,gray,48650.0
"Surface Pro 9 (64GB, Yellow)",Tablets,1299.0,32.0,526.0,Microsoft,8.5,70.0,6/24/2025,yellow,683274.0
"Sleepbuds II (Wired, Purple)",Headphones,199.0,0.0,1292.0,Bose,8.2,749.0,4/13/2023,red,257108.0
"990v5 (Orange, EU 38)",Shoes,185.0,30.0,1353.0,New Balance,8.75,629.0,6/30/2024,orange,250305.0
"55PUS7334 (43"", Gray frame)",TVs,400.0,0.0,973.0,Philips,8.5,350.0,5/3/2022,gray,389200.0
"Redmi Note 10 (64GB, Brown)",Smartphones,180.0,41.0,976.0,Xiaomi,8.5,339.0,9/2/2025,red,175680.0
Nerf Elite 2.0 (Orange),Toys,29.99,238.0,587.0,Hasbro,8.25,3.0,2/14/2023,orange,17604.129999999997
Ionic (Gray),Watches,200.0,1.0,545.0,Fitbit,8.5,460.0,12/14/2025,gray,109000.0
"Classic Leather (Purple, EU 46)",Shoes,85.0,342.0,915.0,Reebok,8.5,249.0,10/12/2023,purple,77775.0
"Smash (Green, EU 46)",Shoes,60.0,331.0,802.0,Puma,8.5,141.0,5/16/2022,green,48120.0
"Pavilion 15 (64GB, Orange)",Laptops,750.0,351.0,743.0,HP,8.2,281.0,12/27/2021,orange,557250.0
"75PML9506 (65"", Blue frame)",TVs,1999.99,46.0,629.0,Philips,8.5,271.0,9/29/2023,blue,1257993.71
HD2137 Pressure Cooker (Brown),Kitchen,130.0,0.0,1346.0,Philips,8.45,693.0,6/6/2025,brown,174980.0
"Mi 10 (1TB, Gray)",Smartphones,799.0,0.0,582.0,Xiaomi,8.5,45.0,2/1/2020,gray,465018.0
NES (Orange),Gaming Consoles,80.0,344.0,1426.0,Nintendo,8.5,236.0,5/7/2025,orange,114080.0
"Momentum 2.0 (Wired, Brown)",Headphones,199.0,486.0,958.0,Sennheiser,8.75,256.0,8/18/2021,red,190642.0
Cosm Chair (White),Furniture,1495.0,0.0,876.0,Herman Miller,9.2,232.0,10/6/2023,white,1309620.0
"Galaxy S8 (64GB, Blue)",Smartphones,150.0,15.0,515.0,Samsung,7.5,164.0,8/15/2024,blue,77250.0
Magic Mouse (Gray),Mice,99.0,0.0,1348.0,Apple,8.6,654.0,6/8/2024,gray,133452.0
G-Shock Rangeman (Gray),Watches,300.0,182.0,430.0,Casio,8.75,178.0,10/20/2023,gray,129000.0
"NanoCell 80 (43"", Black frame)",TVs,400.0,0.0,1055.0,LG,8.5,441.0,8/10/2021,black,422000.0
Rival 710 (Blue),Mice,99.99,0.0,989.0,SteelSeries,8.5,321.0,11/20/2021,blue,98890.11
G-Shock DW5600 (White),Watches,100.0,0.0,334.0,Casio,8.5,18.0,4/10/2024,white,33400.0
"QLED Q60T (75"", Gray frame)",TVs,1199.0,71.0,882.0,Samsung,8.75,330.0,11/1/2022,gray,1057518.0
Versa (White),Watches,129.95,0.0,628.0,Fitbit,8.75,514.0,10/22/2021,white,81608.59999999999
"55PUS7334 (43"", Green frame)",TVs,450.0,0.0,1028.0,Philips,7.85,616.0,3/28/2021,green,462600.0
PSP (Blue),Gaming Consoles,129.99,403.0,1077.0,Sony,8.5,35.0,1/10/2025,blue,139999.23
"Galaxy Tab S7 FE (1TB, White)",Tablets,649.99,125.0,1269.0,Samsung,8.3,731.0,5/24/2023,white,824837.31
Craft (Blue),Keyboards,59.99,0.0,946.0,Logitech,8.75,216.0,9/30/2020,blue,56750.54
N64 (Gray),Gaming Consoles,120.0,217.0,1707.0,Nintendo,8.5,409.0,8/9/2021,gray,204840.0
"Surface Pro X (64GB, Gray)",Tablets,899.99,0.0,1008.0,Microsoft,8.25,557.0,4/26/2023,gray,907189.92
"NanoCell 80 (50"", Yellow frame)",TVs,550.0,0.0,1168.0,LG,8.5,574.0,6/8/2021,yellow,642400.0
"AirPods (3rd generation) (Wired, Green)",Headphones,169.0,497.0,1286.0,Apple,8.9,518.0,12/20/2021,red,217334.0
"P40 Pro (128GB, Black)",Smartphones,699.0,73.0,509.0,Huawei,8.2,43.0,12/1/2025,black,355791.0
"iPhone 11 (64GB, Gray)",Smartphones,399.0,0.0,1386.0,Apple,8.75,691.0,6/20/2023,gray,553014.0
WWE Action Figure (Blue),Toys,19.99,479.0,1300.0,Mattel,8.5,630.0,4/10/2022,blue,25986.999999999996
"574 (Blue, EU 40)",Shoes,90.0,22.0,912.0,New Balance,8.75,192.0,4/18/2021,blue,82080.0
"ZBook Firefly 14 (128GB, Blue)",Laptops,1200.0,368.0,1297.0,HP,8.5,803.0,10/13/2021,blue,1556400.0
"Superstar (Yellow, EU 40)",Shoes,85.0,0.0,755.0,Adidas,8.75,40.0,4/21/2023,yellow,64175.0
DeathAdder Essential (Blue),Mice,29.99,0.0,1219.0,Razer,8.5,545.0,5/4/2022,blue,36557.81
"Club C 85 (Blue, EU 42)",Shoes,75.0,251.0,1096.0,Reebok,8.5,438.0,5/18/2024,blue,82200.0
"Legion 5 (512GB, Green)",Laptops,1150.0,0.0,827.0,Lenovo,8.75,273.0,4/22/2024,green,951050.0
"WF-1000XM3 (Wireless, Gray)",Headphones,178.0,62.0,1463.0,Sony,8.75,726.0,1/29/2020,gray,260414.0
Pax Wardrobe (Gray),Furniture,299.0,138.0,1013.0,IKEA,8.5,392.0,10/11/2021,gray,302887.0
"HeatGear Compression Shirt (Orange, M)",Clothing,30.0,0.0,923.0,Under Armour,9.2,59.0,5/20/2023,orange,27690.0
"MacBook Pro 13 (2019) (256GB, Black)",Laptops,1299.0,53.0,789.0,Apple,8.7,266.0,5/10/2025,black,1024911.0
"Mi 10 (64GB, Red)",Smartphones,300.0,248.0,1253.0,Xiaomi,8.25,684.0,3/2/2020,red,375900.0
Apex Pro (Purple),Keyboards,199.99,392.0,1041.0,SteelSeries,9.25,197.0,10/13/2024,purple,208189.59
"Q950TS 8K QLED (55"", Purple frame)",TVs,2999.0,351.0,819.0,Samsung,8.5,576.0,9/15/2023,purple,2456181.0
"Cortez (Gray, EU 44)",Shoes,90.0,315.0,1162.0,Nike,8.75,437.0,6/6/2020,gray,104580.0
"ThinkPad T14 (256GB, White)",Laptops,1200.0,386.0,1035.0,Lenovo,8.75,466.0,5/3/2021,white,1242000.0
Poäng Armchair (Yellow),Furniture,79.0,84.0,829.0,IKEA,8.5,177.0,6/25/2024,yellow,65491.0
"6-Series R648 (8K) (75"", Brown frame)",TVs,2499.0,0.0,399.0,TCL,8.6,95.0,1/12/2024,brown,997101.0
"Air Max 90 (Black, EU 46)",Shoes,130.0,0.0,1175.0,Nike,8.75,470.0,11/23/2024,black,152750.0
Galaxy Watch Active2 (Blue),Watches,250.0,225.0,674.0,Samsung,8.5,678.0,3/9/2025,blue,168500.0
"MediaPad M5 (256GB, Black)",Tablets,350.0,243.0,1051.0,Huawei,8.2,512.0,10/13/2021,black,367850.0
Chaliene Sofa (Brown),Furniture,599.0,0.0,574.0,Ashley Furniture,8.25,80.0,5/20/2022,brown,343826.0
Xbox One S (Brown),Gaming Consoles,299.0,180.0,1240.0,Microsoft,8.5,159.0,3/8/2021,brown,370760.0
Ultra 10-in-1 (Blue),Kitchen,129.99,253.0,1349.0,Instant Pot,8.75,617.0,6/24/2022,blue,175356.51
MX Keys (Gray),Keyboards,119.99,419.0,1021.0,Logitech,8.75,293.0,1/27/2021,gray,122509.79
"Beats Flex (Wired, Blue)",Headphones,69.99,279.0,1071.0,Apple,8.2,496.0,3/8/2024,red,74959.29
"Surface Pro 7+ (64GB, Yellow)",Tablets,800.0,0.0,855.0,Microsoft,8.5,304.0,12/9/2023,yellow,684000.0
"iPad (2018) (256GB, Brown)",Tablets,449.0,0.0,1320.0,Apple,8.5,692.0,10/13/2020,brown,592680.0
"Galaxy Tab A7 (1TB, Gray)",Tablets,280.0,166.0,851.0,Samsung,8.2,309.0,9/15/2022,gray,238280.0
"XPS 13 (9370) (64GB, Purple)",Laptops,1800.0,243.0,708.0,Dell,8.5,321.0,5/1/2022,purple,1274400.0
"Court Victory Skirt (Red, M)",Clothing,55.0,0.0,1319.0,Nike,8.75,572.0,2/9/2023,red,72545.0
"React Infinity Run (Brown, EU 38)",Shoes,160.0,182.0,825.0,Nike,8.75,109.0,11/11/2023,brown,132000.0
K55 RGB (Purple),Keyboards,59.99,237.0,1385.0,Corsair,8.5,703.0,11/4/2024,purple,83086.15000000001
HD9650/99 Premium Airfryer (Gray),Kitchen,329.99,490.0,956.0,Philips,8.75,257.0,2/4/2025,gray,315470.44
"AirPods (3rd generation) (Wireless, Blue)",Headphones,179.0,272.0,860.0,Apple,8.8,147.0,9/11/2020,blue,153940.0
"Galaxy Z Flip (256GB, Blue)",Smartphones,999.99,84.0,868.0,Samsung,8.5,354.0,1/17/2023,blue,867991.3200000001
"MatePad Paper (256GB, Yellow)",Tablets,499.0,0.0,658.0,Huawei,7.8,257.0,3/23/2022,yellow,328342.0
Edge Water Computer Desk (Yellow),Furniture,150.0,322.0,793.0,Sauder,8.0,294.0,8/23/2021,yellow,118950.0
"iPad Air (2020) (512GB, White)",Tablets,749.0,0.0,905.0,Apple,9.2,162.0,6/24/2022,white,677845.0
Noguchi Table (Gray),Furniture,2095.0,325.0,1207.0,Herman Miller,9.5,575.0,8/30/2020,gray,2528665.0
Lack Coffee Table (Brown),Furniture,39.99,261.0,714.0,IKEA,8.25,127.0,3/19/2020,brown,28552.86
"FuelCell Rebel (Brown, EU 39)",Shoes,129.99,0.0,984.0,New Balance,8.45,366.0,5/2/2020,brown,127910.16
"Nova 9 (1TB, Yellow)",Smartphones,699.0,149.0,802.0,Huawei,8.25,309.0,5/10/2020,yellow,560598.0
"Latitude 7400 (128GB, Gray)",Laptops,850.0,254.0,700.0,Dell,8.75,96.0,12/24/2022,gray,595000.0
Magic Trackpad 2 (Red),Mice,129.0,157.0,1484.0,Apple,8.75,742.0,7/24/2020,red,191436.0
"65OLED936 (65"", Orange frame)",TVs,2500.0,0.0,431.0,Philips,8.0,294.0,11/27/2022,orange,1077500.0
Connect 4 (Orange),Toys,9.99,129.0,748.0,Hasbro,8.75,20.0,6/21/2025,orange,7472.52
"ROG Strix Scar 15 (512GB, Green)",Laptops,1800.0,196.0,713.0,Asus,9.2,131.0,9/23/2023,green,1283400.0
Andover Mills Bookcase (Brown),Furniture,120.0,362.0,868.0,Wayfair,8.4,248.0,10/15/2022,brown,104160.0
"Nova 9 (128GB, Blue)",Smartphones,400.0,67.0,857.0,Huawei,8.4,276.0,8/3/2021,blue,342800.0
"55S535 (65"", Red frame)",TVs,450.0,404.0,961.0,TCL,8.5,360.0,6/8/2022,red,432450.0
"Elite Active 65t (Wireless, Red)",Headphones,110.0,0.0,1371.0,Jabra,8.5,720.0,11/27/2025,red,150810.0
Apex 5 (Black),Keyboards,99.99,342.0,1447.0,SteelSeries,8.65,747.0,5/31/2020,black,144685.53
"55R635 (65"", Purple frame)",TVs,649.99,129.0,859.0,TCL,8.75,230.0,8/7/2025,purple,558341.41
"Evolve2 85 (Wired, Gray)",Headphones,249.99,124.0,1291.0,Jabra,8.75,574.0,10/28/2023,red,322737.09
"Nova 9 (512GB, Purple)",Smartphones,599.0,373.0,885.0,Huawei,7.8,504.0,12/10/2022,purple,530115.0
Rival 5 (Orange),Mice,69.99,0.0,875.0,SteelSeries,9.25,10.0,1/12/2021,orange,61241.24999999999
Precision Mouse (Purple),Mice,39.99,398.0,1423.0,Microsoft,8.75,682.0,4/30/2024,purple,56905.770000000004
"Sherpa Trucker Jacket (Gray, S)",Clothing,98.0,226.0,1514.0,Levi's,8.75,757.0,1/19/2021,gray,148372.0
Versa 2 (Purple),Watches,150.0,158.0,366.0,Fitbit,8.5,91.0,8/31/2024,purple,54900.0
"MacBook Air M1 (2020) (512GB, Orange)",Laptops,1199.0,430.0,1434.0,Apple,9.2,740.0,4/2/2025,orange,1719366.0
"Mi 8 (256GB, Purple)",Smartphones,450.0,0.0,850.0,Xiaomi,8.5,254.0,9/5/2022,purple,382500.0
"MatePad T10s (256GB, Blue)",Tablets,200.0,0.0,369.0,Huawei,7.5,23.0,11/8/2022,blue,73800.0
"iPhone 8 (512GB, Yellow)",Smartphones,750.0,0.0,665.0,Apple,7.5,384.0,12/18/2024,yellow,498750.0
"Mi 8 (1TB, Gray)",Smartphones,450.0,376.0,772.0,Xiaomi,8.5,173.0,8/4/2020,gray,347400.0
"Manchester United Home Jersey (Brown, M)",Clothing,90.0,0.0,1429.0,Adidas,8.5,737.0,9/6/2021,brown,128610.0
"MacBook Air (2019) (128GB, Yellow)",Laptops,899.0,0.0,1189.0,Apple,8.5,621.0,4/15/2021,yellow,1068911.0
Inspire HR (Brown),Watches,69.95,0.0,530.0,Fitbit,8.3,444.0,8/14/2021,brown,37073.5
5200 (Black),Gaming Consoles,59.99,15.0,1211.0,Atari,7.5,383.0,7/13/2023,black,72647.89
"MacBook Pro 13 (2019) (128GB, Yellow)",Laptops,1299.0,318.0,1160.0,Apple,9.1,529.0,12/15/2020,yellow,1506840.0
Bluetooth Keyboard (White),Keyboards,49.99,242.0,1255.0,Microsoft,8.5,580.0,4/14/2020,blue,62737.450000000004
"ENVY 15 (128GB, Black)",Laptops,950.0,428.0,563.0,HP,8.5,45.0,10/15/2025,black,534850.0
Laugh & Learn Smart Stages Chair (White),Toys,44.99,0.0,896.0,Fisher-Price,8.75,166.0,8/25/2025,white,40311.04
"G5 15 (64GB, Green)",Laptops,1200.0,433.0,740.0,Dell,8.75,188.0,1/29/2025,green,888000.0
Barbie Doll (Red),Toys,25.99,10.0,1388.0,Mattel,8.75,647.0,6/25/2025,red,36074.119999999995
"721 High Rise Skinny (Purple, M)",Clothing,98.0,0.0,1285.0,Levi's,8.75,557.0,11/30/2020,purple,125930.0
Classic Hand Mixer (Black),Kitchen,59.99,0.0,1028.0,KitchenAid,8.75,300.0,5/13/2023,black,61669.72
SNES (Blue),Gaming Consoles,90.0,0.0,1318.0,Nintendo,8.75,101.0,6/14/2023,blue,118620.0
"Bravia A8H (50"", Brown frame)",TVs,1199.0,116.0,1331.0,Sony,8.75,754.0,3/31/2025,brown,1595869.0
"RU7100 (50"", Red frame)",TVs,349.0,299.0,813.0,Samsung,8.25,272.0,4/5/2024,red,283737.0
"Sportswear Club Hoodie (Gray, XXL)",Clothing,55.0,0.0,1027.0,Nike,8.65,312.0,11/15/2020,gray,56485.0
"iPhone 14 (1TB, Gray)",Smartphones,1299.0,,1213.0,Apple,9.0,622.0,7/6/2020,gray,1575687.0
Ideas Tree House (21318) (Green),Toys,79.99,229.0,1160.0,LEGO,8.75,426.0,2/3/2022,green,92788.4
Designer Compact Keyboard (Yellow),Keyboards,79.99,138.0,1143.0,Microsoft,8.5,487.0,3/25/2023,yellow,91428.56999999999
"MatePad Pro (64GB, Black)",Tablets,499.0,0.0,811.0,Huawei,8.3,272.0,12/16/2025,black,404689.0
"501 Shorts (Gray, XS)",Clothing,69.5,487.0,1206.0,Levi's,8.75,468.0,4/3/2024,gray,83817.0
"iPhone 8 (128GB, Red)",Smartphones,250.0,302.0,1008.0,Apple,8.5,383.0,10/17/2022,red,252000.0
"Galaxy S8 (1TB, Yellow)",Smartphones,999.0,430.0,1177.0,Samsung,8.75,599.0,1/23/2023,yellow,1175823.0
"AirPods Max (Wired, Red)",Headphones,549.0,402.0,1096.0,Apple,8.75,441.0,11/22/2024,red,601704.0
PS Vita (Yellow),Gaming Consoles,200.0,,1968.0,Sony,8.5,564.0,5/20/2022,yellow,393600.0
Galaxy Watch 4 (Orange),Watches,249.99,164.0,522.0,Samsung,8.75,352.0,5/10/2024,orange,130494.78
Edifice EFR-S107D (Brown),Watches,150.0,419.0,470.0,Casio,8.5,302.0,6/4/2024,brown,70500.0
"Galaxy Tab S5e (64GB, Yellow)",Tablets,449.0,354.0,1323.0,Samsung,8.5,715.0,7/18/2020,yellow,594027.0
"MatePad T8 (512GB, Blue)",Tablets,130.0,27.0,707.0,Huawei,7.5,325.0,2/14/2021,blue,91910.0
"ROG Zephyrus G14 (512GB, Brown)",Laptops,1499.0,280.0,1270.0,Asus,8.75,764.0,8/8/2025,brown,1903730.0
"P30 Pro (1TB, Yellow)",Smartphones,899.0,0.0,696.0,Huawei,8.5,172.0,10/2/2025,yellow,625704.0
"MacBook Pro 14 (2021) (256GB, Blue)",Laptops,1999.0,464.0,1283.0,Apple,9.25,692.0,10/15/2021,blue,2564717.0
Duo Nova (Blue),Kitchen,99.99,15.0,1167.0,Instant Pot,9.25,304.0,9/24/2023,blue,116688.32999999999
"ZenBook 14 UX425 (1TB, White)",Laptops,1100.0,238.0,1359.0,Asus,9.2,644.0,9/27/2021,white,1494900.0
"Mi 8 (256GB, Gray)",Smartphones,450.0,0.0,853.0,Xiaomi,8.25,322.0,2/12/2024,gray,383850.0
Technic Bugatti Chiron (42083) (Orange),Toys,349.99,0.0,836.0,LEGO,9.25,21.0,3/25/2024,orange,292591.64
"Bravia A80J (65"", White frame)",TVs,1999.0,0.0,826.0,Sony,9.2,266.0,3/14/2023,white,1651174.0
Battleship (Black),Toys,30.0,489.0,1320.0,Hasbro,8.5,637.0,9/2/2025,black,39600.0
"Sleepbuds II (Wireless, Gray)",Headphones,249.0,0.0,1241.0,Bose,8.5,587.0,5/27/2024,gray,309009.0
Barbie Doll (Green),Toys,24.99,495.0,1395.0,Mattel,8.75,650.0,12/18/2020,green,34861.049999999996
"Mate 20 (1TB, White)",Smartphones,799.0,240.0,1000.0,Huawei,8.34,487.0,8/23/2024,white,799000.0
"Pump Omni Lite (White, EU 42)",Shoes,160.0,60.0,733.0,Reebok,8.7,34.0,1/9/2021,white,117280.0
"SB Icon Hoodie (Gray, M)",Clothing,65.0,430.0,961.0,Nike,8.75,233.0,3/4/2021,gray,62465.0
"QNED MiniLED 90 (65"", Gray frame)",TVs,1599.0,36.0,456.0,LG,8.5,42.0,5/29/2020,gray,729144.0
Arc Mouse (Orange),Mice,79.99,100.0,1077.0,Microsoft,8.45,424.0,7/28/2021,orange,86149.23
G915 Lightspeed (White),Keyboards,229.99,51.0,1364.0,Logitech,9.2,535.0,2/28/2022,white,313706.36
Pro Trek PRG-600 (Gray),Watches,300.0,369.0,688.0,Casio,8.5,719.0,1/26/2021,gray,206400.0
"RC Elite (Gray, EU 42)",Shoes,225.0,388.0,991.0,New Balance,9.2,167.0,8/20/2021,gray,222975.0
"OLED B1 (75"", White frame)",TVs,2499.0,95.0,346.0,LG,8.75,4.0,11/10/2025,white,864654.0
HD2137 Pressure Cooker (Black),Kitchen,99.99,17.0,1295.0,Philips,8.75,537.0,8/3/2021,black,129487.04999999999
"6 (64GB, Red)",Smartphones,299.0,498.0,817.0,OnePlus,8.5,191.0,11/25/2025,red,244283.0
Galaxy Watch 5 (Green),Watches,279.99,472.0,456.0,Samsung,8.5,283.0,2/13/2024,green,127675.44
"Alienware m15 R3 (1TB, Brown)",Laptops,1800.0,101.0,819.0,Dell,8.5,431.0,7/22/2022,brown,1474200.0
DeathStalker V2 (White),Keyboards,199.99,0.0,1342.0,Razer,8.3,765.0,8/31/2020,white,268386.58
"512 Slim Taper Jeans (Gray, XS)",Clothing,69.5,0.0,954.0,Levi's,8.75,213.0,9/2/2023,gray,66303.0
Xbox Series S (Green),Gaming Consoles,299.99,0.0,1411.0,Microsoft,8.5,256.0,8/4/2024,green,423285.89
"Omen 15 (64GB, Blue)",Laptops,2200.0,334.0,508.0,HP,8.75,115.0,8/13/2025,blue,1117600.0
"Galaxy S20 (128GB, Gray)",Smartphones,699.0,407.0,1207.0,Samsung,8.75,572.0,5/20/2025,gray,843693.0
Pro IntelliMouse (Blue),Mice,59.99,186.0,703.0,Microsoft,8.5,45.0,2/27/2022,blue,42172.97
"AirPods Pro (1st generation) (Wireless, Yellow)",Headphones,249.0,306.0,910.0,Apple,9.0,150.0,4/18/2022,yellow,226590.0
"Noise Cancelling Headphones 700 (Wired, Black)",Headphones,379.0,201.0,1135.0,Bose,8.75,466.0,1/9/2020,red,430165.0
UNO Card Game (Black),Toys,9.99,144.0,908.0,Mattel,8.75,166.0,10/15/2024,black,9070.92
"Tech Shorts (Gray, S)",Clothing,35.0,0.0,1129.0,Under Armour,8.75,386.0,12/20/2020,gray,39515.0
"iPad (2018) (128GB, Brown)",Tablets,350.0,382.0,1365.0,Apple,8.5,722.0,8/29/2022,brown,477750.0
Lack Coffee Table (Gray),Furniture,49.99,296.0,1309.0,IKEA,8.25,698.0,11/25/2024,gray,65436.91
Galaxy Fit (Purple),Watches,99.99,125.0,338.0,Samsung,8.5,33.0,8/24/2022,purple,33796.619999999995
"iPad (2020) (1TB, Blue)",Tablets,1299.0,321.0,1088.0,Apple,8.75,521.0,12/5/2021,blue,1413312.0
Duo Evo Plus (Blue),Kitchen,129.99,0.0,1476.0,Instant Pot,9.25,595.0,3/31/2021,blue,191865.24000000002
Bolanburg Dining Table (Brown),Furniture,700.0,234.0,911.0,Ashley Furniture,8.35,392.0,10/10/2022,brown,637700.0
VCS (2021) (Green),Gaming Consoles,299.99,426.0,1410.0,Atari,7.5,550.0,3/11/2020,green,422985.9
Juice Fountain Elite (Black),Kitchen,299.95,121.0,1312.0,Breville,8.75,594.0,8/25/2024,black,393534.39999999997
Chaliene Sofa (Gray),Furniture,599.0,470.0,842.0,Ashley Furniture,8.5,262.0,4/15/2022,gray,504358.0
"Bravia Z9F (43"", Red frame)",TVs,1200.0,493.0,958.0,Sony,8.5,469.0,5/10/2021,red,1149600.0
BlackWidow Lite (Black),Keyboards,89.99,88.0,1028.0,Razer,8.6,350.0,12/10/2020,black,92509.72
"MacBook Air (2017) (1TB, White)",Laptops,700.0,486.0,770.0,Apple,8.0,360.0,7/6/2021,white,539000.0
"Tiro 21 Track Pants (Yellow, S)",Clothing,45.0,93.0,1277.0,Adidas,8.5,598.0,7/18/2020,yellow,57465.0
"Storm Cyclone Jacket (Green, XS)",Clothing,120.0,411.0,825.0,Under Armour,8.75,102.0,10/4/2022,green,99000.0
Sense (Purple),Watches,299.95,0.0,538.0,Fitbit,8.5,445.0,2/13/2021,purple,161373.1
PS Vita (Brown),Gaming Consoles,200.0,300.0,1365.0,Sony,8.5,216.0,10/6/2023,brown,273000.0
"12 (1TB, Gray)",Smartphones,1199.0,,1088.0,Xiaomi,8.75,522.0,8/14/2020,gray,1304512.0
Precision Brewer (Orange),Kitchen,299.95,187.0,1227.0,Breville,8.75,524.0,2/25/2024,orange,368038.64999999997
Mighty Mouse (Orange),Mice,69.99,418.0,817.0,Apple,8.5,168.0,5/6/2022,orange,57181.829999999994
"iPhone 6 (256GB, Brown)",Smartphones,250.0,16.0,485.0,Apple,7.5,139.0,1/5/2021,brown,121250.0
G502 HERO (Yellow),Mice,49.99,201.0,1084.0,Logitech,9.25,208.0,10/29/2023,yellow,54189.16
HR3752 Blender (Orange),Kitchen,55.0,339.0,1500.0,Philips,8.75,744.0,1/2/2025,orange,82500.0
"Samba Jersey (Brown, M)",Clothing,70.0,14.0,926.0,Adidas,8.45,287.0,6/15/2020,brown,64820.0
"Legacy Lifter (Gray, EU 38)",Shoes,200.0,0.0,733.0,Reebok,8.75,29.0,10/19/2023,gray,146600.0
"Sportswear Tech Fleece Pants (Purple, XXL)",Clothing,110.0,176.0,925.0,Nike,8.75,209.0,5/20/2023,purple,101750.0
Beginnings TV Stand (Brown),Furniture,120.0,138.0,1125.0,Sauder,7.5,758.0,5/6/2024,brown,135000.0
"ENVY 15 (64GB, White)",Laptops,1200.0,0.0,881.0,HP,8.5,378.0,12/5/2024,white,1057200.0
Willenburg Upholstered Bed (Yellow),Furniture,450.0,0.0,973.0,Ashley Furniture,8.25,433.0,4/27/2020,red,437850.0
Air Fryer XXL (Black),Kitchen,299.0,0.0,1110.0,Philips,9.2,306.0,4/13/2023,black,331890.0
"Beats Studio3 (Wired, Black)",Headphones,349.95,92.0,1192.0,Apple,8.75,503.0,2/27/2021,red,417140.39999999997
Pax Wardrobe (Black),Furniture,350.0,0.0,785.0,IKEA,8.5,182.0,11/1/2022,black,274750.0
Duo Plus (Orange),Kitchen,129.95,100.0,1222.0,Instant Pot,9.25,356.0,5/8/2025,orange,158798.9
"Court Victory Skirt (Orange, XS)",Clothing,55.0,0.0,1275.0,Nike,8.75,543.0,8/29/2024,orange,70125.0
"6-Series R648 (8K) (75"", Orange frame)",TVs,2999.0,406.0,141.0,TCL,8.25,18.0,11/25/2020,orange,422859.0
"ThinkPad X1 Yoga (4th Gen) (128GB, Yellow)",Laptops,900.0,0.0,764.0,Lenovo,8.5,224.0,12/12/2024,yellow,687600.0
Surface Mobile Mouse (Gray),Mice,34.99,0.0,809.0,Microsoft,8.2,225.0,12/19/2022,gray,28306.91
Star Wars Millennium Falcon (75192) (Purple),Toys,849.99,0.0,1165.0,LEGO,9.7,292.0,8/12/2021,purple,990238.35
Hot Wheels 20-Car Pack (White),Toys,21.99,104.0,1392.0,Mattel,8.5,709.0,8/18/2020,white,30610.079999999998
5-Speed Classic Blender (Brown),Kitchen,99.99,478.0,803.0,KitchenAid,8.75,88.0,8/8/2024,brown,80291.97
"HD 450BT (Wireless, White)",Headphones,150.0,269.0,874.0,Sennheiser,8.5,237.0,4/28/2021,white,131100.0
"QuietComfort 35 II (Wired, Gray)",Headphones,249.0,364.0,1329.0,Bose,9.1,524.0,10/19/2020,red,330921.0
Duo 7-in-1 (Purple),Kitchen,99.99,0.0,1455.0,Instant Pot,9.2,584.0,9/7/2023,purple,145485.44999999998
Ionic (Red),Watches,250.0,54.0,709.0,Fitbit,8.5,777.0,10/26/2025,red,177250.0
Duo Evo Plus (Brown),Kitchen,129.99,64.0,1591.0,Instant Pot,9.2,724.0,4/13/2021,brown,206814.09000000003
"QLED Q80A (75"", Brown frame)",TVs,2199.99,13.0,1061.0,Samsung,8.75,653.0,8/28/2022,brown,2334189.3899999997
"Bravia X90J (65"", Blue frame)",TVs,1399.0,358.0,1337.0,Sony,8.75,798.0,9/2/2020,blue,1870463.0
"65PUS8504 (65"", Gray frame)",TVs,1200.0,0.0,745.0,Philips,8.4,292.0,7/30/2025,gray,894000.0
"Bravia X80J (50"", Purple frame)",TVs,649.99,90.0,814.0,Sony,8.5,242.0,3/10/2020,purple,529091.86
"Blazer Mid '77 (Brown, EU 42)",Shoes,105.0,0.0,912.0,Nike,8.76,177.0,9/3/2025,brown,95760.0
"iPad Pro 11 (2020) (256GB, Red)",Tablets,899.0,476.0,967.0,Apple,9.5,160.0,11/24/2021,red,869333.0
Noguchi Table (Red),Furniture,1995.0,454.0,1015.0,Herman Miller,9.25,446.0,6/30/2024,red,2024925.0
"iPad (2017) (64GB, Yellow)",Tablets,400.0,12.0,865.0,Apple,8.5,264.0,3/14/2022,yellow,346000.0
Air Fryer AF101 (Yellow),Kitchen,119.99,325.0,1286.0,Ninja,9.2,434.0,4/7/2022,yellow,154307.13999999998
G512 Carbon (White),Keyboards,99.99,131.0,761.0,Logitech,8.75,44.0,3/31/2022,white,76092.39
K63 Wireless (Green),Keyboards,99.99,26.0,1236.0,Corsair,8.5,575.0,5/12/2021,green,123587.64
Cold Brew Coffee Maker (Yellow),Kitchen,99.99,0.0,897.0,KitchenAid,8.45,248.0,4/30/2025,yellow,89691.03
"ThinkPad X12 Detachable (128GB, White)",Tablets,1099.0,375.0,1000.0,Lenovo,8.5,485.0,5/17/2020,white,1099000.0
"Elite 65t (Wireless, Yellow)",Headphones,99.99,311.0,1278.0,Jabra,8.5,611.0,5/25/2020,yellow,127787.21999999999
"Tab M10 FHD Plus (512GB, Green)",Tablets,299.0,262.0,586.0,Lenovo,8.2,50.0,8/22/2020,green,175214.0
Orchard Hills TV Stand (Yellow),Furniture,150.0,0.0,794.0,Sauder,7.85,338.0,6/9/2023,yellow,119100.0
"WF-1000XM4 (Wireless, Purple)",Headphones,279.99,146.0,1586.0,Sony,9.2,753.0,4/20/2021,purple,444064.14
"QN90A Neo QLED (65"", Yellow frame)",TVs,1799.0,0.0,515.0,Samsung,8.75,63.0,7/10/2022,yellow,926485.0
Willenburg Upholstered Bed (Red),Furniture,450.0,207.0,957.0,Ashley Furniture,8.2,429.0,5/6/2020,red,430650.0
Draycoll Recliner (Gray),Furniture,499.99,331.0,1067.0,Ashley Furniture,8.25,550.0,3/17/2024,gray,533489.33
"WF-1000XM3 (Wireless, Purple)",Headphones,199.0,192.0,1476.0,Sony,8.75,744.0,12/6/2023,purple,293724.0
"Galaxy Note20 (1TB, Yellow)",Smartphones,1299.0,0.0,1229.0,Samsung,9.0,588.0,11/25/2025,yellow,1596471.0
Surface Mobile Mouse (Yellow),Mice,35.0,0.0,788.0,Microsoft,8.25,209.0,9/11/2023,yellow,27580.0
"7T (1TB, Blue)",Smartphones,649.0,0.0,1219.0,OnePlus,8.5,631.0,11/20/2020,blue,791131.0
"MDR-1AM2 (Wired, White)",Headphones,299.99,0.0,1060.0,Sony,8.65,383.0,4/23/2024,red,317989.4
"QuietComfort 25 (Wired, Gray)",Headphones,129.0,0.0,1385.0,Bose,8.75,649.0,1/1/2025,red,178665.0
"IdeaPad Duet 3 (64GB, Yellow)",Tablets,300.0,296.0,768.0,Lenovo,8.5,150.0,6/13/2020,yellow,230400.0
"P20 Pro (256GB, Gray)",Smartphones,450.0,220.0,1327.0,Huawei,8.2,790.0,1/20/2021,gray,597150.0
Xbox 360 (Green),Gaming Consoles,100.0,208.0,1598.0,Microsoft,7.5,615.0,6/6/2021,green,159800.0
Soup Maker (Purple),Kitchen,129.99,0.0,1122.0,Philips,8.5,480.0,1/21/2021,purple,145848.78
"Clyde (White, EU 46)",Shoes,120.0,302.0,1153.0,Puma,8.75,397.0,1/19/2024,white,138360.0
PSP (Black),Gaming Consoles,150.0,425.0,1214.0,Sony,8.5,123.0,8/11/2024,black,182100.0
"Pleated Skirt (Purple, S)",Clothing,29.99,266.0,1218.0,H&M,8.4,603.0,4/26/2022,purple,36527.82
Versa 3 (Red),Watches,229.95,0.0,564.0,Fitbit,8.5,478.0,11/11/2025,red,129691.79999999999
"Mi 9 (256GB, Purple)",Smartphones,399.0,0.0,822.0,Xiaomi,8.5,216.0,5/29/2021,purple,327978.0
Galaxy Watch (Red),Watches,349.99,243.0,322.0,Samsung,8.6,13.0,10/11/2020,red,112696.78
"QuietComfort 25 (Wireless, Yellow)",Headphones,299.0,0.0,1353.0,Bose,8.75,638.0,7/15/2020,yellow,404547.0
"Pro HyperWarm Top (Gray, S)",Clothing,65.0,0.0,967.0,Nike,8.5,310.0,6/11/2024,gray,62855.0
"Air Force 1 (Green, EU 42)",Shoes,110.0,0.0,769.0,Nike,8.75,56.0,2/18/2023,green,84590.0
"Elite 85t (Wireless, Brown)",Headphones,229.99,0.0,891.0,Jabra,8.75,179.0,5/12/2024,brown,204921.09
Spiralizer Attachment (White),Kitchen,79.99,0.0,1522.0,KitchenAid,8.75,739.0,6/24/2021,white,121744.78
Mamba Elite (Yellow),Mice,89.99,50.0,840.0,Razer,8.75,116.0,1/8/2021,yellow,75591.59999999999
"Yoga Smart Tab (64GB, White)",Tablets,240.0,487.0,1356.0,Lenovo,8.5,689.0,12/30/2020,white,325440.0
"505 Regular Jeans (Orange, XL)",Clothing,69.5,0.0,983.0,Levi's,8.75,240.0,2/6/2021,orange,68318.5
"ThinkPad T14 (1TB, Gray)",Laptops,1450.0,0.0,673.0,Lenovo,8.75,163.0,8/4/2024,gray,975850.0
Watch Series 4 (Green),Watches,399.0,289.0,436.0,Apple,8.75,193.0,9/9/2021,green,173964.0
"IdeaPad 5 (128GB, Purple)",Laptops,600.0,0.0,713.0,Lenovo,8.5,143.0,11/11/2022,purple,427800.0
G915 Lightspeed (Black),Keyboards,229.99,115.0,1078.0,Logitech,9.2,254.0,6/20/2020,black,247929.22
"QuietComfort 25 (Wireless, Black)",Headphones,199.0,0.0,990.0,Bose,8.75,268.0,12/15/2024,black,197010.0
DeathStalker V2 (Green),Keyboards,199.99,0.0,1439.0,Razer,8.5,779.0,3/13/2023,green,287785.61
Aeron Chair (Orange),Furniture,1495.0,2.0,1154.0,Herman Miller,9.2,508.0,12/15/2023,orange,1725230.0
"Tab M10 FHD Plus (1TB, Yellow)",Tablets,450.0,439.0,969.0,Lenovo,8.2,433.0,2/18/2022,yellow,436050.0
Marathon M705 (Green),Mice,49.99,303.0,996.0,Logitech,9.25,133.0,9/30/2024,green,49790.04
"Bravia Z9F (43"", Black frame)",TVs,1199.99,321.0,1038.0,Sony,8.5,549.0,9/9/2022,black,1245589.62
"SoundLink Around-Ear II (Wired, Green)",Headphones,129.95,217.0,778.0,Bose,8.75,61.0,10/15/2025,red,101101.09999999999
M720 Triathlon (Red),Mice,49.99,0.0,914.0,Logitech,8.75,182.0,9/10/2020,red,45690.86
BCI600XL Smart Scoop (White),Kitchen,399.95,0.0,964.0,Breville,8.75,293.0,11/22/2020,white,385551.8
"MediaPad M6 (64GB, Purple)",Tablets,250.0,120.0,605.0,Huawei,7.5,256.0,1/10/2020,purple,151250.0
"Mate 30 (1TB, Red)",Smartphones,1200.0,477.0,718.0,Huawei,8.25,318.0,8/7/2023,red,861600.0
"Alienware m15 R3 (1TB, Brown)",Laptops,1800.0,101.0,819.0,Dell,8.5,424.0,7/22/2022,brown,1474200.0
"G5 15 (512GB, Blue)",Laptops,1100.0,269.0,1023.0,Dell,8.5,524.0,11/24/2025,blue,1125300.0
"Pavilion 15 (1TB, Yellow)",Laptops,649.0,0.0,902.0,HP,8.2,421.0,11/4/2023,yellow,585398.0
"Launch SW 7"" Shorts (Green, XL)",Clothing,35.0,155.0,1178.0,Under Armour,8.75,442.0,8/16/2023,green,41230.0
"MacBook Pro 16 (2021) (512GB, Gray)",Laptops,2499.0,402.0,1286.0,Apple,9.25,788.0,4/22/2020,gray,3213714.0
5-Shelf Bookcase (Red),Furniture,120.0,411.0,1341.0,Sauder,8.5,672.0,3/19/2020,red,160920.0
"721 High Rise Skinny (Orange, M)",Clothing,89.5,94.0,613.0,Levi's,7.8,166.0,11/2/2021,orange,54863.5
"Manchester United Home Jersey (Gray, XXL)",Clothing,100.0,151.0,1100.0,Adidas,7.8,639.0,10/24/2022,gray,110000.0
"QuietComfort Earbuds (Wired, Black)",Headphones,199.0,0.0,1258.0,Bose,8.75,544.0,5/26/2020,red,250342.0
"UHD UN7300 (75"", Red frame)",TVs,1199.0,6.0,851.0,LG,8.45,385.0,7/19/2025,red,1020349.0
Wade Logan Dining Table (Red),Furniture,450.0,381.0,813.0,Wayfair,8.5,212.0,12/6/2020,red,365850.0
"Pavilion 14 (1TB, Orange)",Laptops,750.0,386.0,535.0,HP,8.2,69.0,4/30/2022,orange,401250.0
Pro Mouse (Red),Mice,99.0,112.0,1260.0,Apple,8.75,536.0,11/17/2025,red,124740.0
"Condivo 20 Training Top (Yellow, S)",Clothing,50.0,321.0,1054.0,Adidas,8.75,320.0,1/10/2024,yellow,52700.0
Clue (Blue),Toys,19.99,0.0,1344.0,Hasbro,8.5,657.0,5/29/2024,blue,26866.559999999998
"Gazelle (White, EU 40)",Shoes,100.0,206.0,1071.0,Adidas,8.75,359.0,2/27/2025,white,107100.0
"Puffer Jacket (White, XL)",Clothing,79.99,0.0,1420.0,H&M,8.5,745.0,10/7/2023,white,113585.79999999999
K70 Pro Mini Wireless (Brown),Keyboards,180.0,274.0,997.0,Corsair,8.75,288.0,10/28/2024,brown,179460.0
"55R635 (65"", Yellow frame)",TVs,699.0,0.0,1430.0,TCL,8.75,780.0,8/6/2025,yellow,999570.0
7800 (Yellow),Gaming Consoles,49.99,410.0,1038.0,Atari,7.5,276.0,9/5/2022,yellow,51889.62
KSB1570ER 5-Speed Blender (Gray),Kitchen,99.99,0.0,954.0,KitchenAid,8.75,237.0,5/3/2023,gray,95390.45999999999
"OLED A1 (75"", Green frame)",TVs,2200.0,443.0,426.0,LG,8.75,34.0,9/8/2020,green,937200.0
"TU8000 (55"", Orange frame)",TVs,450.0,175.0,848.0,Samsung,8.25,315.0,7/16/2022,orange,381600.0
"OLED CX (65"", Purple frame)",TVs,2000.0,133.0,797.0,LG,9.2,237.0,11/8/2024,purple,1594000.0
"Surface Book 3 (128GB, Brown)",Tablets,1399.0,41.0,584.0,Microsoft,8.5,143.0,11/1/2021,brown,817016.0
"RU7100 (43"", Yellow frame)",TVs,299.99,368.0,1421.0,Samsung,8.5,790.0,3/9/2022,yellow,426285.79000000004
Precision Brewer (Yellow),Kitchen,349.95,30.0,1482.0,Breville,8.75,776.0,3/1/2024,yellow,518625.89999999997
Mercury Row Merwin TV Stand (Gray),Furniture,250.0,0.0,1200.0,Wayfair,8.3,621.0,4/27/2023,gray,300000.0
"996 (Green, EU 42)",Shoes,130.0,0.0,1372.0,New Balance,8.75,644.0,8/20/2023,green,178360.0
"Samba Jersey (Brown, S)",Clothing,55.0,0.0,1457.0,Adidas,8.5,795.0,10/26/2021,brown,80135.0
"iPhone 11 (1TB, Yellow)",Smartphones,1099.0,0.0,1067.0,Apple,8.5,565.0,1/30/2021,yellow,1172633.0
"501 Original Jeans (Yellow, S)",Clothing,69.99,0.0,743.0,Levi's,8.7,32.0,4/4/2024,yellow,52002.57
Watch SE (Black),Watches,279.0,231.0,314.0,Apple,8.5,12.0,1/10/2022,black,87606.0
Strafe RGB MK.2 (Orange),Keyboards,150.0,216.0,1295.0,Corsair,8.75,575.0,4/13/2025,orange,194250.0
Draycoll Recliner (Green),Furniture,450.0,290.0,974.0,Ashley Furniture,7.8,561.0,7/14/2025,green,438300.0
Apex 100 (White),Keyboards,39.99,328.0,1069.0,SteelSeries,7.8,565.0,3/19/2023,white,42749.310000000005
"HD 599 (Wired, Orange)",Headphones,199.0,119.0,1369.0,Sennheiser,9.2,529.0,6/4/2020,red,272431.0
North Avenue Desk (Green),Furniture,225.0,0.0,1240.0,Sauder,8.5,609.0,5/19/2025,green,279000.0
"iPad (2017) (128GB, Orange)",Tablets,449.0,169.0,695.0,Apple,8.5,96.0,12/24/2022,orange,312055.0
G-Shock Rangeman (Purple),Watches,330.0,342.0,532.0,Casio,8.75,370.0,5/23/2021,purple,175560.0
Watch Series 6 (Black),Watches,399.0,0.0,680.0,Apple,9.25,520.0,12/14/2022,black,271320.0
Three Posts Reistville Panel Bed (White),Furniture,350.0,0.0,1200.0,Wayfair,8.2,660.0,8/2/2023,white,420000.0
"MacBook Air (2017) (128GB, Purple)",Laptops,450.0,0.0,1058.0,Apple,8.5,450.0,11/23/2023,purple,476100.0
Ebern Designs Convertible Sofa (Brown),Furniture,399.99,208.0,946.0,Wayfair,7.8,525.0,3/2/2020,brown,378390.54000000004
Baby's First Blocks (White),Toys,10.99,0.0,1137.0,Fisher-Price,9.3,233.0,4/19/2023,white,12495.630000000001
ST (Blue),Gaming Consoles,49.99,166.0,1282.0,Atari,7.5,404.0,12/26/2025,blue,64087.18
MX Master (Green),Mice,99.99,0.0,895.0,Logitech,9.2,51.0,6/5/2020,green,89491.04999999999
Verus Chair (Brown),Furniture,995.0,132.0,952.0,Herman Miller,8.75,348.0,3/31/2023,brown,947240.0
Kinect (Brown),Gaming Consoles,79.99,498.0,1766.0,Microsoft,7.85,606.0,4/14/2024,brown,141262.34
Zipcode Design Desk (Orange),Furniture,150.0,340.0,1359.0,Wayfair,8.2,778.0,7/29/2022,orange,203850.0
"Surface Pro 9 (128GB, Brown)",Tablets,899.0,0.0,1336.0,Microsoft,8.75,716.0,8/18/2020,brown,1201064.0
"ROG Zephyrus G14 (1TB, Red)",Laptops,1699.0,0.0,776.0,Asus,8.75,293.0,8/14/2022,red,1318424.0
"WF-1000XM4 (Wired, Blue)",Headphones,280.0,416.0,1062.0,Sony,8.75,375.0,1/29/2024,red,297360.0
"SB Icon Hoodie (Yellow, L)",Clothing,70.0,455.0,1073.0,Nike,8.75,340.0,6/10/2025,yellow,75110.0
G-Shock GA2100 (Gray),Watches,99.0,291.0,524.0,Casio,8.75,330.0,6/29/2020,gray,51876.0
Rival 110 (Brown),Mice,35.0,383.0,1210.0,SteelSeries,8.5,545.0,10/25/2020,brown,42350.0
"UHD UN7300 (43"", Green frame)",TVs,379.0,128.0,1188.0,LG,8.75,509.0,1/28/2021,green,450252.0
"Elite 75t (Wired, Purple)",Headphones,119.99,0.0,1242.0,Jabra,8.45,588.0,12/28/2025,red,149027.58
Prime Wireless (Green),Mice,140.0,95.0,1337.0,SteelSeries,8.75,616.0,12/29/2021,green,187180.0
"Surface Pro X (512GB, Green)",Tablets,1499.0,0.0,924.0,Microsoft,8.75,400.0,3/19/2024,green,1385076.0
"QLED Q80A (75"", Red frame)",TVs,2499.0,,347.0,Samsung,8.75,6.0,1/15/2022,red,867153.0
G502 HERO (Brown),Mice,49.99,183.0,1058.0,Logitech,9.25,188.0,1/11/2025,brown,52889.420000000006
"Galaxy Note20 (512GB, Red)",Smartphones,999.0,360.0,1133.0,Samsung,8.75,544.0,11/15/2022,red,1131867.0
K68 RGB (Brown),Keyboards,109.99,186.0,1233.0,Corsair,8.75,520.0,3/20/2023,brown,135617.66999999998
Master Prep Professional (Green),Kitchen,59.99,21.0,734.0,Ninja,8.75,13.0,6/22/2022,green,44032.66
"QN85A Neo QLED (43"", Green frame)",TVs,1099.0,479.0,724.0,Samsung,9.25,24.0,7/9/2025,green,795676.0
"Galaxy S7 (256GB, White)",Smartphones,350.0,455.0,1125.0,Samsung,8.0,640.0,12/22/2025,white,393750.0
"992 (Gray, EU 42)",Shoes,185.0,17.0,1494.0,New Balance,8.7,797.0,6/17/2023,gray,276390.0
Bakugan Battle Arena (Red),Toys,19.99,387.0,1117.0,Spin Master,8.25,521.0,2/15/2020,red,22328.829999999998
"3-Stripes Track Jacket (Blue, XXL)",Clothing,75.0,23.0,1400.0,Adidas,8.5,726.0,8/30/2024,blue,105000.0
"Mate 30 (64GB, Gray)",Smartphones,450.0,392.0,664.0,Huawei,8.25,139.0,8/25/2020,gray,298800.0
F-91W (Red),Watches,19.99,42.0,664.0,Casio,8.25,719.0,8/18/2023,red,13273.359999999999
Aerox 3 Wireless (Gray),Mice,99.99,302.0,1398.0,SteelSeries,8.75,661.0,4/23/2020,gray,139786.02
Designer Compact Keyboard (Purple),Keyboards,89.99,117.0,1376.0,Microsoft,8.4,746.0,6/22/2020,purple,123826.23999999999
Malm Bed Frame (Red),Furniture,249.0,0.0,1045.0,IKEA,8.3,484.0,11/22/2024,red,260205.0
"Launch SW 7"" Shorts (Purple, M)",Clothing,35.0,240.0,1361.0,Under Armour,8.75,598.0,5/3/2024,purple,47635.0
5200 (Blue),Gaming Consoles,49.99,0.0,2046.0,Atari,7.8,792.0,3/6/2020,blue,102279.54000000001
Rainforest Jumperoo (Gray),Toys,119.99,182.0,1238.0,Fisher-Price,9.3,368.0,10/6/2025,gray,148547.62
Havalance Coffee Table (Brown),Furniture,300.0,0.0,833.0,Ashley Furniture,8.5,206.0,10/10/2024,brown,249900.0
"Mi 9 (64GB, Gray)",Smartphones,200.0,0.0,1007.0,Xiaomi,8.5,375.0,11/30/2021,gray,201400.0
PlayStation 4 (Green),Gaming Consoles,299.0,0.0,2024.0,Sony,8.75,561.0,3/10/2021,green,605176.0
"Air Zoom Pegasus 38 (Brown, EU 39)",Shoes,120.0,118.0,1472.0,Nike,8.75,726.0,3/18/2023,brown,176640.0
"Adizero Adios Pro (Black, EU 39)",Shoes,220.0,243.0,1026.0,Adidas,8.75,322.0,9/2/2025,black,225720.0
"5-Series S546 (43"", Black frame)",TVs,329.99,28.0,889.0,TCL,8.45,293.0,7/31/2023,black,293361.11
"55PUS8804 (43"", Purple frame)",TVs,700.0,0.0,949.0,Philips,8.2,477.0,8/27/2021,purple,664300.0
"Inspiron 15 3000 (1TB, Gray)",Laptops,450.0,441.0,456.0,Dell,7.5,137.0,1/23/2024,gray,205200.0
"Galaxy Tab A8 (64GB, White)",Tablets,230.0,136.0,919.0,Samsung,8.5,293.0,5/20/2023,white,211370.0
M720 Triathlon (Yellow),Mice,39.99,281.0,806.0,Logitech,8.75,78.0,5/16/2023,yellow,32231.940000000002
"5 (128GB, Yellow)",Smartphones,349.0,412.0,840.0,OnePlus,8.7,168.0,7/24/2023,yellow,293160.0
"Slim Fit Suit Pants (White, XS)",Clothing,39.99,334.0,870.0,H&M,7.85,382.0,8/24/2025,white,34791.3
Wade Logan Dining Table (Orange),Furniture,450.0,0.0,1104.0,Wayfair,8.25,540.0,3/27/2023,orange,496800.0
PlayStation 1 (Yellow),Gaming Consoles,30.0,0.0,1256.0,Sony,8.5,122.0,7/12/2020,yellow,37680.0
Rival 600 (Black),Mice,79.99,54.0,1139.0,SteelSeries,8.6,460.0,1/30/2024,black,91108.61
"11T (512GB, Black)",Smartphones,550.0,,923.0,Xiaomi,8.5,337.0,8/13/2022,black,507650.0
"iPhone 12 (256GB, Silver)",Smartphones,749.0,115.0,3596.0,Apple,8.75,2908.0,10/29/2022,silver,2693404.0
Bjursta Extendable Table (Blue),Furniture,299.0,173.0,921.0,IKEA,8.75,229.0,10/6/2022,blue,275379.0
"Yoga Tab 13 (256GB, White)",Tablets,699.0,0.0,986.0,Lenovo,8.5,426.0,11/11/2024,white,689214.0
Harry Potter Hogwarts Castle (71043) (Yellow),Toys,469.99,0.0,1345.0,LEGO,9.5,459.0,1/8/2024,yellow,632136.55
"iPhone 11 (512GB, Green)",Smartphones,799.0,,732.0,Apple,8.7,139.0,12/23/2020,green,584868.0
Connect 4 (Blue),Toys,15.99,52.0,1318.0,Hasbro,8.75,585.0,3/1/2025,blue,21074.82
"Yoga Tab 13 (128GB, Red)",Tablets,399.0,0.0,1029.0,Lenovo,8.5,422.0,10/5/2021,red,410571.0
"Club C 85 (Purple, EU 38)",Shoes,75.0,432.0,811.0,Reebok,8.5,160.0,12/20/2020,purple,60825.0
"Galaxy Note20 (128GB, Purple)",Smartphones,749.0,419.0,1021.0,Samsung,8.5,475.0,11/16/2022,purple,764729.0
"Yoga Smart Tab (512GB, Orange)",Tablets,349.99,320.0,1157.0,Lenovo,8.25,612.0,8/10/2025,orange,404938.43
Galaxy Watch Active2 (Purple),Watches,249.99,69.0,638.0,Samsung,8.5,622.0,9/21/2020,purple,159493.62
Laugh & Learn Smart Stages Puppy (Green),Toys,24.99,0.0,913.0,Fisher-Price,8.75,174.0,4/30/2023,green,22815.87
Xbox 360 Arcade (White),Gaming Consoles,150.0,0.0,598.0,Microsoft,7.5,21.0,1/15/2021,white,89700.0
"P40 (1TB, Blue)",Smartphones,699.0,219.0,786.0,Huawei,8.75,152.0,2/18/2023,blue,549414.0
"Galaxy Tab S8 (64GB, Gray)",Tablets,699.99,0.0,1228.0,Samsung,8.75,590.0,11/3/2022,gray,859587.72
G-Shock Mudmaster (Purple),Watches,320.0,0.0,536.0,Casio,8.75,383.0,4/30/2021,purple,171520.0
BlackWidow Lite (Blue),Keyboards,89.99,0.0,795.0,Razer,8.5,142.0,10/6/2025,blue,71542.05
Viva Collection Juicer (Black),Kitchen,120.0,0.0,1457.0,Philips,8.5,782.0,4/20/2022,black,174840.0
5-Shelf Bookcase (Purple),Furniture,129.99,170.0,1153.0,Sauder,8.2,585.0,12/19/2024,purple,149878.47
"NMD R1 (Green, EU 39)",Shoes,130.0,218.0,1477.0,Adidas,8.6,807.0,3/14/2020,green,192010.0
"Sleepbuds II (Wireless, Brown)",Headphones,249.0,200.0,749.0,Bose,8.75,60.0,8/30/2022,brown,186501.0
"Momentum 3 Wireless (Wireless, White)",Headphones,349.95,356.0,1388.0,Sennheiser,8.75,704.0,8/12/2024,white,485730.6
Transformers Bumblebee (Yellow),Toys,24.99,459.0,1072.0,Hasbro,8.5,421.0,7/15/2022,yellow,26789.28
"React Infinity Run (Red, EU 46)",Shoes,160.0,0.0,1465.0,Nike,8.75,725.0,4/23/2020,red,234400.0
"Elite 65t (Wireless, Red)",Headphones,119.99,0.0,789.0,Jabra,8.75,78.0,8/2/2021,red,94672.11
"NanoCell 80 (65"", Red frame)",TVs,1099.0,176.0,910.0,LG,8.2,478.0,2/5/2025,red,1000090.0
"Tab P11 Pro (1TB, Black)",Tablets,800.0,0.0,1211.0,Lenovo,8.5,673.0,7/27/2025,black,968800.0
"Slim Fit Suit Pants (Orange, L)",Clothing,49.99,0.0,1039.0,H&M,7.85,531.0,5/1/2023,orange,51939.61
"Dunk Low (Green, EU 38)",Shoes,110.0,426.0,1067.0,Nike,8.75,355.0,4/26/2020,green,117370.0
Mirra 2 Chair (White),Furniture,1495.0,411.0,848.0,Herman Miller,9.3,192.0,3/19/2022,white,1267760.0
"CX 400BT (Wired, White)",Headphones,99.95,0.0,1347.0,Sennheiser,8.5,684.0,3/13/2025,red,134632.65
"9 (64GB, Brown)",Smartphones,450.0,81.0,641.0,OnePlus,8.2,131.0,4/20/2020,brown,288450.0
"Disc Blaze (Brown, EU 42)",Shoes,120.0,262.0,1340.0,Puma,8.75,611.0,7/13/2022,brown,160800.0
"Elite 85t (Wired, Orange)",Headphones,180.0,270.0,1244.0,Jabra,8.75,545.0,9/21/2024,red,223920.0
"P20 (128GB, Purple)",Smartphones,350.0,210.0,472.0,Huawei,8.0,8.0,9/3/2022,purple,165200.0
Ideas Tree House (21318) (Brown),Toys,199.99,0.0,973.0,LEGO,9.0,182.0,8/4/2020,brown,194590.27000000002
Noguchi Table (Green),Furniture,1995.0,0.0,1284.0,Herman Miller,9.25,688.0,4/25/2022,green,2561580.0
Baby Learning Table (Brown),Toys,49.99,0.0,724.0,Fisher-Price,8.75,1.0,12/16/2023,brown,36192.76
"70PUS6724 (43"", Blue frame)",TVs,450.0,0.0,1221.0,Philips,7.8,798.0,11/3/2024,blue,549450.0
"721 High Rise Skinny (Red, XS)",Clothing,89.5,465.0,1345.0,Levi's,8.75,598.0,10/27/2022,red,120377.5
"Stan Smith (Black, EU 46)",Shoes,100.0,185.0,784.0,Adidas,8.75,65.0,9/25/2021,black,78400.0
Beginnings TV Stand (Yellow),Furniture,100.0,0.0,368.0,Sauder,7.5,8.0,2/13/2025,yellow,36800.0
G Pro Wireless (Purple),Mice,129.99,0.0,1589.0,Logitech,9.2,718.0,9/4/2025,purple,206554.11000000002
Apex 3 (Gray),Keyboards,49.99,0.0,1256.0,SteelSeries,8.75,520.0,3/21/2025,gray,62787.44
"Gazelle (Green, EU 38)",Shoes,100.0,150.0,980.0,Adidas,8.75,246.0,9/22/2021,green,98000.0
"TUF Gaming A15 (1TB, Red)",Laptops,1199.0,257.0,871.0,Asus,8.5,384.0,9/19/2020,red,1044329.0
"Surface Book 3 (64GB, Brown)",Tablets,2299.0,0.0,839.0,Microsoft,8.5,516.0,12/11/2022,brown,1928861.0
Sculpt Comfort Mouse (Green),Mice,29.99,0.0,727.0,Microsoft,8.75,1.0,12/14/2025,green,21802.73
Classic Hand Mixer (Yellow),Kitchen,59.99,489.0,1154.0,KitchenAid,9.25,287.0,3/23/2024,yellow,69228.46
"55S535 (43"", White frame)",TVs,299.99,246.0,1045.0,TCL,8.5,410.0,9/7/2022,white,313489.55
"6 (512GB, White)",Smartphones,699.0,233.0,666.0,OnePlus,8.75,42.0,8/27/2020,white,465534.0
"Ignite Limitless (Brown, EU 39)",Shoes,120.0,0.0,1437.0,Puma,8.5,789.0,1/5/2021,brown,172440.0
Instinct (Green),Watches,299.99,154.0,368.0,Garmin,8.5,121.0,8/13/2023,green,110396.32
Porter Panel Bed (Yellow),Furniture,350.0,330.0,940.0,Ashley Furniture,8.25,384.0,6/22/2021,yellow,329000.0
"React Infinity Run (Brown, EU 40)",Shoes,160.0,0.0,1503.0,Nike,8.75,785.0,8/28/2024,brown,240480.0
"Dunk Low (Gray, EU 40)",Shoes,110.0,165.0,827.0,Nike,8.75,111.0,7/20/2021,gray,90970.0
"Mate 30 (1TB, White)",Smartphones,849.0,492.0,677.0,Huawei,8.25,209.0,10/13/2023,white,574773.0
"iPad (2020) (512GB, Gray)",Tablets,1099.0,0.0,731.0,Apple,8.5,237.0,2/13/2023,gray,803369.0
"505 Regular Jeans (Gray, L)",Clothing,69.5,0.0,1082.0,Levi's,8.75,359.0,2/25/2025,gray,75199.0
"The Frame LS03T (65"", Blue frame)",TVs,1999.0,0.0,815.0,Samsung,8.75,380.0,3/7/2025,blue,1629185.0
"75R635 (43"", Purple frame)",TVs,449.99,139.0,1094.0,TCL,8.65,419.0,1/29/2022,purple,492289.06
Caper Chair (Blue),Furniture,295.0,0.0,1333.0,Herman Miller,8.75,619.0,5/13/2022,blue,393235.0
"MediaPad M5 (64GB, Brown)",Tablets,299.0,355.0,1250.0,Huawei,8.25,682.0,1/9/2022,brown,373750.0
"UHD UN7300 (55"", Brown frame)",TVs,499.0,0.0,626.0,LG,8.5,42.0,5/14/2020,brown,312374.0
"Pro Tights (Brown, M)",Clothing,60.0,218.0,1441.0,Nike,8.75,674.0,1/14/2025,brown,86460.0
"G3 15 (128GB, Yellow)",Laptops,899.0,0.0,524.0,Dell,7.8,196.0,7/22/2022,yellow,471076.0
Eames Lounge Chair (Brown),Furniture,7595.0,19.0,349.0,Herman Miller,9.45,583.0,3/16/2024,brown,2650655.0
"Nano X (White, EU 42)",Shoes,120.0,310.0,1406.0,Reebok,8.5,730.0,7/23/2025,white,168720.0
Xbox One S (Black),Gaming Consoles,299.0,452.0,2165.0,Microsoft,8.5,694.0,12/21/2020,black,647335.0
"ZBook Firefly 14 (64GB, Yellow)",Laptops,1800.0,37.0,522.0,HP,8.5,137.0,6/30/2025,yellow,939600.0
ST (Yellow),Gaming Consoles,49.99,0.0,810.0,Atari,7.5,134.0,5/8/2023,yellow,40491.9
"Ignite Limitless (White, EU 39)",Shoes,110.0,209.0,1259.0,Puma,8.25,677.0,10/27/2020,white,138490.0
Venu 2 (Yellow),Watches,399.99,0.0,386.0,Garmin,8.75,99.0,4/10/2022,yellow,154396.14
"XPS 13 (9360) (256GB, Blue)",Laptops,900.0,87.0,672.0,Dell,8.5,145.0,7/26/2024,blue,604800.0
"Real Madrid Home Jersey (Gray, XL)",Clothing,100.0,271.0,1156.0,Adidas,8.75,423.0,3/7/2020,gray,115600.0
Monopoly Board Game (Blue),Toys,19.99,440.0,690.0,Hasbro,8.45,42.0,3/7/2021,blue,13793.099999999999
"8 (512GB, Brown)",Smartphones,699.0,0.0,659.0,OnePlus,8.75,38.0,1/5/2024,brown,460641.0
"P30 Pro (1TB, Green)",Smartphones,850.0,0.0,839.0,Huawei,8.5,301.0,8/12/2024,green,713150.0
"Zoom Freak 3 (White, EU 38)",Shoes,120.0,180.0,1099.0,Nike,8.75,374.0,12/23/2024,white,131880.0
"Galaxy Tab A7 (128GB, Orange)",Tablets,279.0,50.0,666.0,Samsung,8.3,104.0,7/23/2025,orange,185814.0
"65R635 (50"", Brown frame)",TVs,499.0,0.0,1066.0,TCL,8.5,472.0,2/11/2023,brown,531934.0
Ninjago City (70620) (Purple),Toys,299.99,320.0,1588.0,LEGO,9.5,660.0,3/18/2023,purple,476384.12
"Samba Jersey (Gray, XL)",Clothing,65.0,196.0,1316.0,Adidas,8.75,575.0,2/12/2021,gray,85540.0
"Surface Pro 7 (512GB, Gray)",Tablets,1399.0,400.0,748.0,Microsoft,8.65,258.0,12/6/2024,gray,1046452.0
"AirPods Max (Wired, Brown)",Headphones,449.0,214.0,961.0,Apple,8.75,295.0,12/3/2023,red,431489.0
N64 (Purple),Gaming Consoles,120.0,36.0,2317.0,Nintendo,9.0,635.0,1/15/2021,purple,278040.0
Craft (Brown),Keyboards,49.99,125.0,785.0,Logitech,8.75,62.0,11/2/2021,brown,39242.15
Clue (Purple),Toys,20.0,19.0,1139.0,Hasbro,8.5,470.0,10/21/2023,purple,22780.0
"P20 (128GB, Purple)",Smartphones,350.0,210.0,472.0,Huawei,8.0,9.0,9/3/2022,purple,165200.0
Apex Pro Mini (Yellow),Keyboards,129.99,0.0,1167.0,SteelSeries,9.2,323.0,11/12/2022,yellow,151698.33000000002
"Tech Shorts (Orange, L)",Clothing,35.0,80.0,765.0,Under Armour,8.5,117.0,4/12/2024,orange,26775.0
"QuietComfort Earbuds (Wired, Orange)",Headphones,179.0,0.0,900.0,Bose,8.75,201.0,2/1/2022,red,161100.0
Foodi Grill (Gray),Kitchen,229.99,0.0,825.0,Ninja,8.75,121.0,4/7/2021,gray,189741.75
"65S535 (43"", Black frame)",TVs,499.0,31.0,791.0,TCL,8.5,202.0,11/2/2023,black,394709.0
"55PUS7334 (65"", Blue frame)",TVs,700.0,0.0,739.0,Philips,8.3,233.0,10/18/2020,blue,517300.0
Rival 110 (Black),Mice,29.99,,1240.0,SteelSeries,8.3,641.0,12/10/2020,black,37187.6
Cosm Chair (Purple),Furniture,1495.0,194.0,652.0,Herman Miller,9.0,81.0,4/3/2021,purple,974740.0
"10 Pro (1TB, White)",Smartphones,849.0,190.0,827.0,OnePlus,8.5,292.0,11/24/2024,white,702123.0
"ENVY 15 (64GB, Black)",Laptops,1200.0,485.0,1202.0,HP,8.5,708.0,12/13/2024,black,1442400.0
Food Processor KFP1466 (Red),Kitchen,329.99,160.0,827.0,KitchenAid,8.75,149.0,12/1/2021,red,272901.73
"65OLED936 (65"", Brown frame)",TVs,2800.0,403.0,743.0,Philips,8.8,420.0,3/5/2021,brown,2080400.0
Billy Bookcase (Orange),Furniture,59.99,232.0,1277.0,IKEA,8.25,685.0,6/23/2022,orange,76607.23
"65PUS8504 (65"", Yellow frame)",TVs,1200.0,0.0,381.0,Philips,7.8,105.0,12/9/2023,yellow,457200.0
Nutri Pro Blender (Blue),Kitchen,99.99,96.0,849.0,Ninja,8.75,121.0,3/17/2025,blue,84891.51
"AirPods (2nd generation) (Wireless, Gray)",Headphones,129.0,401.0,739.0,Apple,8.75,26.0,9/20/2025,gray,95331.0
Sorry! (Yellow),Toys,20.0,0.0,904.0,Hasbro,8.75,173.0,6/9/2021,yellow,18080.0
Basilisk V3 (Red),Mice,69.99,126.0,727.0,Razer,8.75,6.0,2/24/2020,red,50882.729999999996
"Dunk Low (Brown, EU 40)",Shoes,110.0,282.0,1535.0,Nike,8.75,800.0,2/23/2025,brown,168850.0
"XPS 13 (9370) (64GB, Yellow)",Laptops,1700.0,,755.0,Dell,8.75,269.0,10/11/2024,yellow,1283500.0
"OLED G1 (43"", Yellow frame)",TVs,1399.0,73.0,770.0,LG,9.0,174.0,5/21/2023,yellow,1077230.0
"Legacy Lifter (Gray, EU 40)",Shoes,130.0,117.0,1271.0,Reebok,8.75,552.0,12/5/2020,gray,165230.0
"QuietComfort Earbuds (Wireless, Brown)",Headphones,249.0,0.0,1435.0,Bose,8.7,717.0,9/27/2024,brown,357315.0
"ZenBook Pro Duo 15 (256GB, White)",Laptops,3000.0,5.0,1016.0,Asus,8.5,794.0,12/19/2022,white,3048000.0
Max (Yellow),Kitchen,79.99,370.0,1089.0,Instant Pot,9.2,235.0,9/30/2022,yellow,87109.11
"Galaxy Tab S8 Ultra (128GB, Green)",Tablets,999.0,215.0,957.0,Samsung,8.75,371.0,12/19/2025,green,956043.0
Watch Series 3 (Orange),Watches,199.0,52.0,720.0,Apple,8.5,780.0,10/9/2021,orange,143280.0
Operation (Black),Toys,20.0,275.0,906.0,Hasbro,8.5,251.0,3/8/2025,black,18120.0
"RC Elite (Brown, EU 42)",Shoes,225.0,264.0,846.0,New Balance,8.45,226.0,11/27/2025,brown,190350.0
"530 (Yellow, EU 42)",Shoes,110.0,243.0,1175.0,New Balance,8.5,503.0,8/15/2025,yellow,129250.0
"ThinkBook 15 (256GB, Green)",Laptops,750.0,157.0,1034.0,Lenovo,8.5,478.0,8/21/2021,green,775500.0
"Jersey Dress (Red, XS)",Clothing,24.99,0.0,1100.0,H&M,8.3,493.0,12/11/2022,red,27489.0
Duo Evo Plus (White),Kitchen,129.99,0.0,1047.0,Instant Pot,9.2,206.0,1/1/2024,white,136099.53
Bakugan Battle Arena (Orange),Toys,24.99,317.0,1204.0,Spin Master,8.5,510.0,9/21/2024,orange,30087.96
"OLED CX (50"", Gray frame)",TVs,1200.0,46.0,1158.0,LG,9.3,444.0,12/10/2021,gray,1389600.0
Arc Mouse (White),Mice,79.99,406.0,1425.0,Microsoft,8.5,740.0,5/28/2022,white,113985.74999999999
Viper Ultimate (Orange),Mice,129.99,214.0,1039.0,Razer,8.85,277.0,4/2/2022,orange,135059.61000000002
"512 Slim Taper Jeans (Purple, L)",Clothing,69.5,90.0,966.0,Levi's,8.75,248.0,9/18/2024,purple,67137.0
"QuietComfort 35 II (Wired, Blue)",Headphones,279.0,98.0,1139.0,Bose,9.2,329.0,10/10/2022,red,317781.0
K95 RGB Platinum (Orange),Keyboards,199.99,130.0,1304.0,Corsair,8.75,578.0,1/3/2024,orange,260786.96000000002
Darcy Sofa (Purple),Furniture,599.99,360.0,1099.0,Ashley Furniture,8.65,470.0,6/4/2020,purple,659389.01
Galaxy Watch (Yellow),Watches,299.99,475.0,672.0,Samsung,8.75,621.0,8/18/2025,yellow,201593.28
PlayStation 1 (White),Gaming Consoles,120.0,0.0,2314.0,Sony,8.5,776.0,7/1/2023,white,277680.0
"Nano X (Gray, EU 42)",Shoes,130.0,0.0,1021.0,Reebok,8.5,372.0,11/7/2020,gray,132730.0
Air Fryer AF101 (Red),Kitchen,99.99,0.0,1418.0,Ninja,8.75,700.0,4/21/2021,red,141785.82
"AirPods Pro (1st generation) (Wired, Red)",Headphones,199.0,346.0,1471.0,Apple,8.75,751.0,10/6/2021,red,292729.0
Tech Deck (Black),Toys,14.99,430.0,718.0,Spin Master,8.5,51.0,3/12/2020,black,10762.82
Foodi Digital Air Fry Oven (White),Kitchen,229.99,347.0,937.0,Ninja,8.75,226.0,11/27/2025,white,215500.63
"ThinkPad X1 Yoga (4th Gen) (128GB, Black)",Laptops,1200.0,246.0,808.0,Lenovo,8.5,326.0,2/16/2025,black,969600.0
"iPhone XR (512GB, Purple)",Smartphones,749.0,320.0,1009.0,Apple,8.5,433.0,9/5/2024,purple,755741.0
"Sherpa Trucker Jacket (White, M)",Clothing,89.99,91.0,1035.0,Levi's,8.5,366.0,11/11/2024,white,93139.65
"574 (Brown, EU 44)",Shoes,85.0,0.0,771.0,New Balance,8.5,107.0,4/18/2020,brown,65535.0
Game Gear (Blue),Gaming Consoles,150.0,215.0,1989.0,Sega,8.25,659.0,7/30/2025,blue,298350.0
Professional Blender (Purple),Kitchen,139.99,85.0,885.0,Ninja,8.75,179.0,9/24/2023,purple,123891.15000000001
"501 Shorts (White, XS)",Clothing,69.5,120.0,1044.0,Levi's,8.35,408.0,9/4/2024,white,72558.0
"iPhone 8 (512GB, Red)",Smartphones,450.0,0.0,562.0,Apple,7.5,239.0,8/6/2021,red,252900.0
"Basket (Gray, EU 44)",Shoes,70.0,169.0,958.0,Puma,8.5,297.0,12/22/2025,gray,67060.0
"Storm Cyclone Jacket (Yellow, XL)",Clothing,120.0,227.0,695.0,Under Armour,8.5,48.0,7/15/2021,yellow,83400.0
"PXC 550 (Wired, Blue)",Headphones,279.95,372.0,1133.0,Sennheiser,8.75,420.0,9/12/2024,red,317183.35
"NanoCell 90 (75"", White frame)",TVs,1399.0,,1115.0,LG,8.4,661.0,12/26/2021,white,1559885.0
BlackWidow V3 (Purple),Keyboards,139.99,480.0,1092.0,Razer,8.75,378.0,7/11/2021,black,152869.08000000002
"AirPods Pro (2nd generation) (Wireless, Purple)",Headphones,249.0,121.0,943.0,Apple,9.3,89.0,4/24/2022,purple,234807.0
Lynx (Gray),Gaming Consoles,79.99,249.0,923.0,Atari,7.5,203.0,11/12/2023,gray,73830.76999999999
"NanoCell 90 (50"", Gray frame)",TVs,699.0,0.0,1306.0,LG,8.7,668.0,6/16/2025,gray,912894.0
UNO Card Game (White),Toys,9.99,352.0,1240.0,Mattel,8.75,488.0,10/31/2025,white,12387.6
Draycoll Recliner (White),Furniture,450.0,0.0,1138.0,Ashley Furniture,8.35,560.0,12/11/2023,white,512100.0
M330 Silent Plus (Black),Mice,25.99,0.0,776.0,Logitech,8.75,48.0,11/22/2022,black,20168.239999999998
"iPhone 12 (512GB, White)",Smartphones,749.0,0.0,931.0,Apple,8.3,408.0,6/7/2024,white,697319.0
HR3752 Blender (Black),Kitchen,150.0,0.0,760.0,Philips,8.7,56.0,6/22/2023,black,114000.0
"Mi 11 (1TB, Orange)",Smartphones,899.0,0.0,1096.0,Xiaomi,8.5,557.0,3/5/2020,orange,985304.0
BlackWidow V3 (Red),Keyboards,139.99,,1421.0,Razer,8.75,701.0,5/2/2021,red,198925.79
Galaxy Fit (Blue),Watches,99.99,484.0,364.0,Samsung,8.5,78.0,9/4/2022,blue,36396.36
"501 Shorts (Green, XXL)",Clothing,49.99,0.0,1245.0,Levi's,8.75,500.0,9/25/2025,green,62237.55
Ideas Tree House (21318) (Orange),Toys,249.99,0.0,1409.0,LEGO,9.5,487.0,1/4/2022,orange,352235.91000000003
Caper Chair (Black),Furniture,345.0,480.0,802.0,Herman Miller,8.75,111.0,2/2/2020,black,276690.0
Cynosa Chroma (Gray),Keyboards,59.99,458.0,1408.0,Razer,8.25,778.0,12/22/2024,gray,84465.92
"Galaxy S20 (256GB, Black)",Smartphones,699.0,455.0,891.0,Samsung,8.75,264.0,11/3/2021,black,622809.0
"Pavilion 14 (256GB, White)",Laptops,650.0,0.0,1092.0,HP,8.3,570.0,9/9/2025,white,709800.0
"ZenBook 14 UX425 (128GB, Purple)",Laptops,800.0,312.0,756.0,Asus,8.75,151.0,8/30/2025,purple,604800.0
Smart Oven Air (White),Kitchen,399.95,0.0,708.0,Breville,8.75,39.0,9/5/2022,white,283164.6
Viva (Black),Kitchen,119.99,52.0,1108.0,Instant Pot,8.75,386.0,2/27/2020,black,132948.91999999998
"iPhone 6S (256GB, Orange)",Smartphones,299.0,450.0,1003.0,Apple,7.5,643.0,6/13/2025,orange,299897.0
Watch Series 8 (Red),Watches,399.0,2.0,798.0,Apple,9.2,758.0,9/24/2023,red,318402.0
"12 (1TB, Blue)",Smartphones,90.0,373.0,1168.0,Xiaomi,8.25,559.0,6/8/2022,blue,105120.0
"Pro Tights (Gray, M)",Clothing,50.0,278.0,1084.0,Nike,8.75,345.0,12/1/2025,gray,54200.0
"Bravia A8H (75"", Yellow frame)",TVs,3299.0,0.0,897.0,Sony,8.75,674.0,1/16/2021,yellow,2959203.0
"WH-XB900N (Wired, White)",Headphones,99.99,0.0,711.0,Sony,8.5,66.0,4/11/2021,red,71092.89
"Crewneck Sweatshirt (Blue, XS)",Clothing,19.99,114.0,737.0,H&M,7.5,364.0,12/18/2022,blue,14732.63
Hemnes TV Bench (Black),Furniture,179.0,0.0,1279.0,IKEA,8.4,658.0,3/10/2020,black,228941.0
Pro 10-in-1 (Gray),Kitchen,129.99,448.0,1613.0,Instant Pot,9.2,748.0,11/2/2022,gray,209673.87000000002
Huntsman V2 Analog (Purple),Keyboards,249.99,464.0,885.0,Razer,8.75,181.0,10/17/2024,purple,221241.15
Ultra 10-in-1 (White),Kitchen,129.99,92.0,770.0,Instant Pot,8.85,30.0,10/2/2023,white,100092.3
"65S535 (65"", Brown frame)",TVs,799.0,315.0,850.0,TCL,8.65,275.0,3/25/2022,brown,679150.0
"Galaxy S8 (64GB, Gray)",Smartphones,200.0,0.0,1153.0,Samsung,8.0,640.0,5/21/2024,gray,230600.0
Watch Series 2 (Blue),Watches,299.0,138.0,630.0,Apple,8.5,633.0,6/24/2022,blue,188370.0
Nomad (Purple),Gaming Consoles,150.0,344.0,579.0,Sega,7.5,10.0,5/13/2024,purple,86850.0
"iPad Air (2022) (64GB, Green)",Tablets,599.0,,1494.0,Apple,9.3,653.0,3/30/2024,green,894906.0
G Pro Mechanical (White),Keyboards,129.99,392.0,726.0,Logitech,8.75,12.0,1/19/2021,white,94372.74
"12 (1TB, Purple)",Smartphones,120.0,398.0,1440.0,Xiaomi,8.5,763.0,8/20/2023,purple,172800.0
Viper Mini (Brown),Mice,39.99,477.0,1185.0,Razer,9.0,368.0,8/29/2022,brown,47388.15
M330 Silent Plus (Red),Mice,30.0,51.0,1061.0,Logitech,8.75,308.0,5/26/2022,red,31830.0
Inspire 2 (Blue),Watches,199.95,306.0,420.0,Fitbit,8.5,206.0,8/1/2022,blue,83979.0
"Bravia X900H (65"", Blue frame)",TVs,1000.0,299.0,726.0,Sony,9.0,75.0,11/9/2023,blue,726000.0
"MacBook Pro 13 (2022) (1TB, Orange)",Laptops,1699.0,35.0,1183.0,Apple,9.25,564.0,12/6/2021,orange,2009917.0
"ZoomX Vaporfly Next% (Black, EU 46)",Shoes,250.0,0.0,1057.0,Nike,9.2,233.0,8/5/2023,black,264250.0
Little People Caring for Animals Farm (Purple),Toys,39.99,66.0,1270.0,Fisher-Price,8.75,517.0,5/24/2022,purple,50787.3
"P20 Pro (1TB, Black)",Smartphones,1200.0,137.0,679.0,Huawei,8.35,245.0,10/5/2021,black,814800.0
"Classic Leather (Blue, EU 46)",Shoes,90.0,0.0,1162.0,Reebok,8.5,499.0,3/1/2024,blue,104580.0
"70PUS6724 (75"", Purple frame)",TVs,1200.0,344.0,946.0,Philips,7.8,648.0,7/31/2025,purple,1135200.0
"Basic Hoodie (White, XS)",Clothing,25.0,236.0,902.0,H&M,8.5,237.0,6/29/2024,white,22550.0
"AirPods Pro (1st generation) (Wireless, Brown)",Headphones,249.0,67.0,1587.0,Apple,9.2,739.0,1/7/2024,brown,395163.0
"Tab P11 (64GB, Black)",Tablets,249.99,0.0,1104.0,Lenovo,8.25,525.0,2/13/2022,black,275988.96
"Sportswear Club Fleece Joggers (Gray, XS)",Clothing,55.0,246.0,1255.0,Nike,8.75,520.0,9/4/2025,gray,69025.0
"iPhone 14 (1TB, Orange)",Smartphones,1499.0,210.0,1215.0,Apple,9.0,636.0,8/29/2021,orange,1821285.0
"Faux Leather Biker Jacket (Orange, XL)",Clothing,49.99,0.0,1125.0,H&M,8.25,536.0,8/21/2024,orange,56238.75
"Surface Go (256GB, White)",Tablets,549.99,396.0,397.0,Microsoft,7.8,23.0,2/1/2024,white,218346.03
Wireless Mobile Mouse 4000 (Red),Mice,29.95,45.0,1351.0,Microsoft,8.5,668.0,5/9/2023,red,40462.45
"Legion 7 (64GB, Red)",Laptops,3799.0,189.0,745.0,Lenovo,8.75,585.0,5/18/2024,red,2830255.0
Precision Mouse (Brown),Mice,49.99,164.0,1205.0,Microsoft,8.75,469.0,4/1/2025,brown,60237.950000000004
"iPhone 14 (64GB, Orange)",Smartphones,699.0,0.0,926.0,Apple,8.9,251.0,1/4/2020,orange,647274.0
"Superstar (White, EU 46)",Shoes,100.0,180.0,1360.0,Adidas,8.95,566.0,8/23/2025,white,136000.0
"CX 400BT (Wireless, Red)",Headphones,129.95,266.0,1499.0,Sennheiser,9.0,695.0,1/29/2020,red,194795.05
Huntsman Tournament Edition (Orange),Keyboards,129.99,91.0,714.0,Razer,8.75,3.0,11/18/2025,orange,92812.86
Watch SE (Orange),Watches,279.0,0.0,544.0,Apple,8.75,384.0,8/2/2022,orange,151776.0
MX Master (Brown),Mice,99.99,191.0,1422.0,Logitech,9.2,552.0,10/9/2022,brown,142185.78
Operation (Red),Toys,20.0,0.0,800.0,Hasbro,8.5,135.0,11/27/2024,red,16000.0
"327 (Brown, EU 38)",Shoes,140.0,0.0,1375.0,New Balance,8.75,640.0,7/21/2025,brown,192500.0
Forerunner 945 (Brown),Watches,599.99,0.0,450.0,Garmin,9.2,127.0,6/8/2024,brown,269995.5
2600 (Black),Gaming Consoles,49.99,153.0,957.0,Atari,7.5,214.0,3/26/2022,black,47840.43
"Stan Smith (White, EU 40)",Shoes,95.0,0.0,737.0,Adidas,8.5,91.0,6/1/2025,white,70015.0
Infant to Toddler Rocker (Red),Toys,49.99,81.0,1479.0,Fisher-Price,8.75,729.0,5/8/2022,red,73935.21
Magic Trackpad (Black),Mice,149.0,0.0,898.0,Apple,8.6,218.0,10/21/2025,black,133802.0
Modern Keyboard with Fingerprint ID (Gray),Keyboards,129.99,451.0,1328.0,Microsoft,8.5,659.0,1/30/2024,gray,172626.72
"75PML9506 (75"", Brown frame)",TVs,1799.0,453.0,638.0,Philips,8.75,161.0,12/24/2024,brown,1147762.0
7800 (White),Gaming Consoles,49.99,0.0,1274.0,Atari,7.5,428.0,2/20/2024,white,63687.26
Star Wars Millennium Falcon (75192) (Brown),Toys,849.99,174.0,1107.0,LEGO,9.5,279.0,3/31/2023,brown,940938.93
"UA Rush T-Shirt (Purple, XXL)",Clothing,40.0,500.0,1363.0,Under Armour,8.5,667.0,8/29/2025,purple,54520.0
"Bravia A80J (43"", Black frame)",TVs,1299.99,426.0,606.0,Sony,8.75,72.0,2/3/2023,black,787793.9400000001
Rival 3 (Black),Mice,29.99,431.0,787.0,SteelSeries,8.75,54.0,11/30/2022,black,23602.129999999997
"3-Stripes Track Jacket (Green, XXL)",Clothing,75.0,80.0,1176.0,Adidas,8.5,513.0,5/26/2023,green,88200.0
"Inspiron 14 5000 (256GB, Blue)",Laptops,650.0,215.0,1190.0,Dell,8.5,613.0,7/27/2024,blue,773500.0
Setu Chair (Orange),Furniture,795.0,457.0,1322.0,Herman Miller,9.3,551.0,12/9/2021,orange,1050990.0
Magic Mouse 2 (Blue),Mice,79.0,0.0,1306.0,Apple,8.75,561.0,6/6/2024,blue,103174.0
"Galaxy Tab S5e (1TB, Black)",Tablets,800.0,0.0,535.0,Samsung,8.5,0.0,8/24/2021,black,428000.0
"SoundSport Wireless (Wired, Yellow)",Headphones,99.95,150.0,843.0,Bose,8.75,125.0,1/8/2025,red,84257.85
Monopoly Board Game (White),Toys,19.99,0.0,835.0,Hasbro,8.5,177.0,2/23/2021,white,16691.649999999998
"NanoCell 90 (75"", Orange frame)",TVs,2000.0,167.0,635.0,LG,8.5,276.0,11/16/2024,orange,1270000.0
Spiralizer Attachment (Blue),Kitchen,99.99,143.0,1470.0,KitchenAid,9.25,578.0,12/21/2024,blue,146985.3
"5T (1TB, Blue)",Smartphones,499.0,405.0,766.0,OnePlus,8.75,100.0,4/23/2025,blue,382234.0
"CrossFit Nano 9 (White, EU 39)",Shoes,130.0,227.0,869.0,Reebok,8.75,159.0,6/19/2022,white,112970.0
2-Slice Toaster (Orange),Kitchen,49.99,272.0,861.0,KitchenAid,8.75,129.0,11/19/2022,orange,43041.39
"Club C 85 (Green, EU 44)",Shoes,75.0,0.0,940.0,Reebok,8.5,276.0,10/26/2022,green,70500.0
"Surface Pro X (256GB, Orange)",Tablets,1199.0,92.0,1293.0,Microsoft,8.5,775.0,1/14/2024,orange,1550307.0
"iPhone XR (64GB, Green)",Smartphones,499.0,328.0,1035.0,Apple,8.75,358.0,12/24/2024,green,516465.0
"Elite 85t (Wired, Purple)",Headphones,180.0,346.0,956.0,Jabra,8.7,257.0,12/5/2023,red,172080.0
"HD 560S (Wireless, White)",Headphones,199.0,15.0,1508.0,Sennheiser,9.12,688.0,12/22/2020,white,300092.0
"The Frame LS03T (75"", Purple frame)",TVs,2999.0,0.0,967.0,Samsung,8.5,764.0,12/15/2023,purple,2900033.0
Avance Collection Indoor Grill (Black),Kitchen,250.0,53.0,907.0,Philips,8.75,211.0,11/26/2025,black,226750.0
"996 (Gray, EU 42)",Shoes,150.0,0.0,982.0,New Balance,8.5,322.0,10/16/2022,gray,147300.0
XXL Grill (Orange),Kitchen,299.99,0.0,1500.0,Philips,8.75,822.0,4/6/2025,orange,449985.0
Foodi Digital Air Fry Oven (Purple),Kitchen,299.0,0.0,1018.0,Ninja,9.2,194.0,4/26/2025,purple,304382.0
"Nova 9 (64GB, Yellow)",Smartphones,350.0,486.0,1202.0,Huawei,7.8,754.0,2/4/2020,yellow,420700.0
"Galaxy Tab S6 (128GB, Blue)",Tablets,649.99,0.0,767.0,Samsung,8.75,134.0,3/28/2025,blue,498542.33
GameCube (Yellow),Gaming Consoles,150.0,353.0,1368.0,Nintendo,8.5,211.0,8/16/2022,yellow,205200.0
"Trucker Jacket (White, XL)",Clothing,89.99,206.0,991.0,Levi's,8.75,259.0,5/4/2020,white,89180.09
Mighty Mouse (White),Mice,49.0,483.0,1115.0,Apple,7.5,702.0,12/2/2022,white,54635.0
MARQ Athlete (Purple),Watches,1500.0,117.0,438.0,Garmin,8.5,430.0,2/17/2021,purple,657000.0
Foodi Grill (White),Kitchen,229.99,465.0,1052.0,Ninja,9.2,215.0,3/29/2023,white,241949.48
Malm Bed Frame (Blue),Furniture,249.0,178.0,1000.0,IKEA,8.3,444.0,4/8/2022,blue,249000.0
HD2137 Pressure Cooker (Gray),Kitchen,89.99,0.0,1272.0,Philips,8.75,524.0,5/15/2022,gray,114467.28
F-91W (Orange),Watches,18.0,335.0,726.0,Casio,8.5,780.0,4/12/2020,orange,13068.0
Pro Type Ultra (Purple),Keyboards,159.99,221.0,1355.0,Razer,8.7,637.0,3/23/2020,purple,216786.45
"Suede Classic (Black, EU 38)",Shoes,65.0,144.0,1017.0,Puma,8.5,341.0,11/26/2024,black,66105.0
Classic IntelliMouse (White),Mice,25.0,333.0,915.0,Microsoft,8.5,251.0,3/9/2020,white,22875.0
Kinetic Sand (Black),Toys,14.99,0.0,790.0,Spin Master,8.75,51.0,1/4/2024,black,11842.1
Huntsman Tournament Edition (Green),Keyboards,129.99,0.0,892.0,Razer,8.75,173.0,2/7/2022,green,115951.08
MX Master (Red),Mice,99.99,469.0,1406.0,Logitech,9.5,458.0,9/22/2021,red,140585.94
"AirPods (2nd generation) (Wireless, Brown)",Headphones,129.0,496.0,999.0,Apple,8.75,278.0,6/13/2024,brown,128871.0
"Court Victory Skirt (Brown, L)",Clothing,65.0,0.0,732.0,Nike,8.75,12.0,9/28/2025,brown,47580.0
Embody Chair (Black),Furniture,1795.0,322.0,793.0,Herman Miller,9.5,123.0,7/1/2022,black,1423435.0
Pico (Blue),Gaming Consoles,150.0,3.0,1037.0,Sega,7.5,276.0,6/3/2021,blue,155550.0
"Curry Basketball Jersey (White, XXL)",Clothing,120.0,375.0,1395.0,Under Armour,8.75,649.0,7/13/2025,white,167400.0
Surface Keyboard (Red),Keyboards,89.99,17.0,1456.0,Microsoft,8.45,799.0,6/2/2021,red,131025.43999999999
"Stan Smith (Blue, EU 39)",Shoes,100.0,119.0,786.0,Adidas,8.75,68.0,8/23/2021,blue,78600.0
Sensei 310 (Blue),Mice,49.99,228.0,1209.0,SteelSeries,8.75,488.0,2/19/2025,blue,60437.91
Naga Trinity (Orange),Mice,99.99,460.0,1235.0,Razer,8.75,503.0,5/7/2020,orange,123487.65
"OLED A1 (75"", Blue frame)",TVs,1799.0,335.0,1155.0,LG,8.75,707.0,7/27/2022,blue,2077845.0
2600 (Blue),Gaming Consoles,50.0,107.0,1206.0,Atari,8.5,103.0,10/26/2024,blue,60300.0
"IE 80 S (Wireless, Gray)",Headphones,199.95,24.0,1320.0,Sennheiser,8.75,592.0,12/18/2023,gray,263934.0
"ROG Strix Scar 15 (256GB, Orange)",Laptops,2199.0,169.0,1303.0,Asus,9.2,760.0,2/11/2023,orange,2865297.0
G613 Wireless (Orange),Keyboards,70.0,0.0,755.0,Logitech,8.75,37.0,7/18/2023,orange,52850.0
Master System (Green),Gaming Consoles,150.0,103.0,1592.0,Sega,7.5,607.0,5/19/2025,green,238800.0
Foodi Digital Air Fry Oven (Gray),Kitchen,229.99,310.0,1251.0,Ninja,8.75,543.0,4/18/2025,gray,287717.49
"Future Rider (Red, EU 40)",Shoes,90.0,262.0,940.0,Puma,8.5,294.0,9/27/2024,red,84600.0
"Yeezy 700 (Orange, EU 44)",Shoes,300.0,197.0,979.0,Adidas,8.5,353.0,9/6/2020,orange,293700.0
Air Fryer AF101 (Green),Kitchen,99.99,0.0,831.0,Ninja,8.75,103.0,9/2/2022,green,83091.69
Baby's First Blocks (Black),Toys,12.99,0.0,1422.0,Fisher-Price,9.3,507.0,12/11/2021,black,18471.78
Hot Wok Pro (White),Kitchen,129.99,31.0,914.0,Breville,8.75,198.0,4/25/2022,white,118810.86000000002
Master System (Blue),Gaming Consoles,120.0,46.0,1274.0,Sega,7.5,436.0,3/12/2020,blue,152880.0
"4-Series 55S435 (50"", Orange frame)",TVs,320.0,242.0,819.0,TCL,8.3,248.0,11/6/2023,orange,262080.0
"EliteBook 840 G6 (128GB, Orange)",Laptops,1200.0,0.0,483.0,HP,8.5,9.0,2/21/2024,orange,579600.0
Classic IntelliMouse (Orange),Mice,39.99,240.0,1401.0,Microsoft,8.5,753.0,5/17/2023,orange,56025.990000000005
Wii (Black),Gaming Consoles,180.0,189.0,1301.0,Nintendo,8.75,110.0,5/9/2020,black,234180.0
Paw Patrol Mighty Lookout Tower (Gray),Toys,99.99,189.0,1362.0,Spin Master,8.7,617.0,7/30/2021,gray,136186.38
"QN85A Neo QLED (65"", Green frame)",TVs,1499.0,103.0,934.0,Samsung,8.75,431.0,8/26/2021,green,1400066.0
"Pro HyperWarm Top (Green, L)",Clothing,60.0,227.0,947.0,Nike,8.75,209.0,1/16/2021,green,56820.0
"iPhone X (64GB, Purple)",Smartphones,499.0,0.0,658.0,Apple,8.5,79.0,5/30/2025,purple,328342.0
"iPhone XR (64GB, Yellow)",Smartphones,499.0,0.0,1011.0,Apple,8.7,358.0,2/9/2025,yellow,504489.0
"NMD R1 (Brown, EU 46)",Shoes,130.0,0.0,783.0,Adidas,8.75,67.0,2/26/2021,brown,101790.0
"992 (Purple, EU 42)",Shoes,175.0,350.0,1583.0,New Balance,9.2,737.0,4/29/2020,purple,277025.0
Natural Ergonomic Keyboard 4000 (Brown),Keyboards,50.0,458.0,1211.0,Microsoft,8.5,525.0,10/16/2024,brown,60550.0
"Bravia X900H (50"", Green frame)",TVs,849.99,200.0,647.0,Sony,8.75,41.0,1/11/2021,green,549943.53
Magic Mouse (Late 2022) (Blue),Mice,99.0,54.0,1153.0,Apple,8.5,497.0,1/3/2022,blue,114147.0
BCI600XL Smart Scoop (Green),Kitchen,299.95,15.0,1115.0,Breville,8.75,410.0,11/18/2021,green,334444.25
"MatePad Paper (128GB, Green)",Tablets,499.0,92.0,712.0,Huawei,8.3,176.0,4/19/2025,green,355288.0
"Bravia X950H (50"", Blue frame)",TVs,999.99,315.0,868.0,Sony,8.75,285.0,2/16/2021,blue,867991.3200000001
Master System (Yellow),Gaming Consoles,120.0,0.0,1261.0,Sega,8.0,276.0,7/22/2025,yellow,151320.0
"XPS 15 (9500) (128GB, Blue)",Laptops,1200.0,,634.0,Dell,8.75,76.0,12/1/2022,blue,760800.0
"Air Force 1 (Yellow, EU 42)",Shoes,120.0,270.0,1183.0,Nike,9.2,331.0,8/2/2021,yellow,141960.0
"5-Series S546 (43"", Gray frame)",TVs,350.0,266.0,1121.0,TCL,8.4,512.0,4/23/2025,gray,392350.0
Apex Pro Mini (Orange),Keyboards,179.99,134.0,1435.0,SteelSeries,9.2,585.0,5/29/2021,orange,258285.65000000002
"Elite 45h (Wireless, Brown)",Headphones,99.99,228.0,913.0,Jabra,8.6,230.0,3/18/2020,brown,91290.87
"Fresh Foam 1080 (Purple, EU 39)",Shoes,160.0,0.0,1490.0,New Balance,8.75,746.0,3/8/2024,purple,238400.0
Pro Line Series Blender (Black),Kitchen,599.99,147.0,1095.0,KitchenAid,9.25,300.0,9/7/2025,black,656989.05
K65 RGB Mini (Orange),Keyboards,109.99,0.0,1477.0,Corsair,8.75,723.0,6/2/2020,orange,162455.22999999998
"MatePad Pro 12.6 (128GB, Yellow)",Tablets,779.0,214.0,915.0,Huawei,8.5,361.0,10/1/2022,yellow,712785.0
Atheris (Brown),Mice,49.99,303.0,682.0,Razer,8.3,79.0,8/31/2024,brown,34093.18
BlackWidow Lite (Green),Keyboards,89.99,0.0,867.0,Razer,8.75,148.0,7/9/2024,green,78021.33
"Pavilion 14 (1TB, White)",Laptops,750.0,57.0,274.0,HP,7.5,14.0,1/9/2022,white,205500.0
Architecture Statue of Liberty (21042) (Brown),Toys,119.99,0.0,780.0,LEGO,8.75,69.0,9/30/2022,brown,93592.2
Versa (Red),Watches,199.95,241.0,636.0,Fitbit,8.75,556.0,5/2/2022,red,127168.2
Mirra 2 Chair (Green),Furniture,1495.0,0.0,1012.0,Herman Miller,9.25,348.0,4/16/2021,green,1512940.0
"6T (64GB, Blue)",Smartphones,299.0,311.0,696.0,OnePlus,8.5,79.0,9/26/2025,blue,208104.0
VCS (2021) (Brown),Gaming Consoles,299.99,0.0,728.0,Atari,7.5,118.0,4/22/2020,brown,218392.72
XEGS (Orange),Gaming Consoles,150.0,489.0,1650.0,Atari,7.5,652.0,3/8/2020,orange,247500.0
HD9650/99 Premium Airfryer (Yellow),Kitchen,299.99,75.0,911.0,Philips,8.75,225.0,7/23/2024,yellow,273290.89
"Blazer Mid '77 (Brown, EU 44)",Shoes,110.0,183.0,880.0,Nike,8.75,168.0,7/3/2020,brown,96800.0
Max (Red),Kitchen,129.99,0.0,769.0,Instant Pot,8.75,54.0,12/19/2020,red,99962.31000000001
Venu (Brown),Watches,349.99,303.0,546.0,Garmin,8.75,409.0,11/23/2023,brown,191094.54
Basilisk V3 (Orange),Mice,69.99,0.0,1518.0,Razer,9.2,643.0,10/15/2025,orange,106244.81999999999
Pro 10-in-1 (Yellow),Kitchen,129.99,96.0,828.0,Instant Pot,8.75,124.0,12/6/2023,yellow,107631.72
"Yoga Slim 7 (512GB, Gray)",Laptops,950.0,341.0,927.0,Lenovo,8.7,350.0,2/17/2024,gray,880650.0
North Avenue Desk (Purple),Furniture,250.0,0.0,974.0,Sauder,7.85,537.0,4/24/2025,purple,243500.0
North Avenue Desk (Yellow),Furniture,179.99,414.0,993.0,Sauder,7.85,522.0,7/29/2020,yellow,178730.07
"MediaPad M6 (128GB, Black)",Tablets,350.0,222.0,999.0,Huawei,8.4,405.0,10/21/2025,black,349650.0
"Mate 40 (128GB, Purple)",Smartphones,699.0,0.0,1089.0,Huawei,8.5,533.0,1/9/2025,purple,761211.0
"MacBook Air M2 (2022) (512GB, Red)",Laptops,1399.0,0.0,1390.0,Apple,9.3,690.0,4/22/2023,red,1944610.0
"MatePad T10s (64GB, Yellow)",Tablets,180.0,0.0,603.0,Huawei,7.5,245.0,4/21/2024,yellow,108540.0
"CrossFit Nano 9 (White, EU 46)",Shoes,130.0,289.0,1105.0,Reebok,8.75,382.0,10/9/2025,white,143650.0
"ThinkPad X12 Detachable (256GB, White)",Tablets,1200.0,432.0,747.0,Lenovo,8.5,262.0,2/24/2024,white,896400.0
All-in-One Media Keyboard (Green),Keyboards,39.99,66.0,1276.0,Microsoft,8.5,609.0,12/23/2024,green,51027.240000000005
PSX (Orange),Gaming Consoles,200.0,169.0,1518.0,Sony,8.5,304.0,9/8/2024,orange,303600.0
"NanoCell 90 (50"", Red frame)",TVs,900.0,410.0,677.0,LG,8.5,150.0,12/1/2020,red,609300.0
Rival 600 (Orange),Mice,79.99,283.0,1217.0,SteelSeries,9.2,359.0,8/11/2024,orange,97347.82999999999
"Sportswear Tech Fleece Pants (Purple, S)",Clothing,110.0,397.0,1537.0,Nike,8.75,807.0,1/10/2022,purple,169070.0
"IdeaPad Flex 5 (1TB, Purple)",Laptops,750.0,423.0,776.0,Lenovo,8.5,221.0,1/6/2024,purple,582000.0
Jaguar (Purple),Gaming Consoles,45.0,242.0,1040.0,Atari,7.5,253.0,11/28/2023,purple,46800.0
"Instapump Fury (Red, EU 40)",Shoes,180.0,0.0,1434.0,Reebok,8.5,778.0,7/4/2023,red,258120.0
Huntsman Tournament Edition (Green),Keyboards,129.99,0.0,892.0,Razer,8.75,182.0,2/7/2022,green,115951.08
"WH-1000XM3 (Wireless, Purple)",Headphones,280.0,426.0,1642.0,Sony,9.2,778.0,11/11/2020,purple,459760.0
Game Gear (Gray),Gaming Consoles,100.0,82.0,1995.0,Sega,8.5,578.0,10/26/2022,gray,199500.0
"5-Series S546 (65"", Purple frame)",TVs,700.0,397.0,788.0,TCL,8.5,227.0,7/19/2020,purple,551600.0
Harry Potter Hogwarts Castle (71043) (Green),Toys,470.0,259.0,1336.0,LEGO,9.5,443.0,9/5/2021,green,627920.0
PS TV (Gray),Gaming Consoles,100.0,432.0,1406.0,Sony,7.5,487.0,1/29/2020,gray,140600.0
"Linen Blend Shirt (White, L)",Clothing,29.99,49.0,1395.0,H&M,8.2,774.0,3/25/2024,white,41836.049999999996
VCS (2021) (Orange),Gaming Consoles,299.99,463.0,1267.0,Atari,7.5,449.0,4/16/2023,orange,380087.33
Pro 10-in-1 (Purple),Kitchen,129.99,328.0,1065.0,Instant Pot,9.15,239.0,3/20/2024,purple,138439.35
"9 (256GB, Purple)",Smartphones,799.0,409.0,631.0,OnePlus,8.5,98.0,10/12/2022,purple,504169.0
Chaliene Sofa (Blue),Furniture,499.0,14.0,1407.0,Ashley Furniture,8.5,795.0,11/25/2025,blue,702093.0
"Urbanite XL (Wired, Gray)",Headphones,129.0,0.0,760.0,Sennheiser,8.6,80.0,10/11/2025,red,98040.0
"MatePad T10 (512GB, Yellow)",Tablets,200.0,220.0,699.0,Huawei,7.5,349.0,2/11/2022,yellow,139800.0
"Floatride Run (Red, EU 40)",Shoes,120.0,313.0,1228.0,Reebok,8.5,573.0,10/14/2020,red,147360.0
Duo 7-in-1 (Red),Kitchen,89.99,500.0,1539.0,Instant Pot,9.3,661.0,1/22/2022,red,138494.61
Xbox One S (Orange),Gaming Consoles,299.0,480.0,2245.0,Microsoft,8.75,693.0,6/20/2022,orange,671255.0
Ultra 10-in-1 (Green),Kitchen,129.99,227.0,1272.0,Instant Pot,8.75,529.0,11/21/2023,green,165347.28
Brilliant Basics Corn Popper (Yellow),Toys,12.99,229.0,1343.0,Fisher-Price,8.5,644.0,5/17/2024,yellow,17445.57
BCI600XL Smart Scoop (Blue),Kitchen,250.0,399.0,1043.0,Breville,8.75,342.0,4/21/2021,blue,260750.0
"RS-X3 (Green, EU 40)",Shoes,110.0,0.0,775.0,Puma,8.2,224.0,1/23/2021,green,85250.0
"Bravia A90J (65"", Red frame)",TVs,2999.0,0.0,761.0,Sony,9.2,349.0,9/1/2021,red,2282239.0
NES (Red),Gaming Consoles,150.0,0.0,2170.0,Nintendo,8.5,700.0,12/10/2024,red,325500.0
"505 Regular Jeans (Gray, XS)",Clothing,69.5,0.0,892.0,Levi's,8.65,182.0,5/14/2020,gray,61994.0
Mirra 2 Chair (Purple),Furniture,1495.0,334.0,1274.0,Herman Miller,9.2,631.0,4/20/2023,purple,1904630.0
Galaxy Watch 4 (Purple),Watches,199.0,433.0,670.0,Samsung,8.5,692.0,4/14/2023,purple,133330.0
"75R635 (50"", White frame)",TVs,599.0,0.0,789.0,TCL,8.6,185.0,7/2/2021,white,472611.0
"MDR-1AM2 (Wireless, Yellow)",Headphones,249.99,290.0,1254.0,Sony,8.75,542.0,11/18/2025,yellow,313487.46
Bjursta Extendable Table (Orange),Furniture,249.0,0.0,696.0,IKEA,8.25,142.0,8/2/2025,orange,173304.0
Galaxy Watch Active (Brown),Watches,249.99,0.0,709.0,Samsung,8.5,764.0,4/4/2023,brown,177242.91
Wireless Mouse 900 (Gray),Mice,29.99,324.0,1019.0,Microsoft,8.5,359.0,11/28/2021,gray,30559.809999999998
"Chromebook Flip C434 (1TB, Blue)",Laptops,650.0,136.0,1272.0,Asus,8.5,686.0,10/29/2023,blue,826800.0
Saturn (Orange),Gaming Consoles,150.0,0.0,1397.0,Sega,8.5,231.0,11/13/2020,orange,209550.0
"The Frame LS03T (50"", Black frame)",TVs,1099.99,405.0,584.0,Samsung,8.75,25.0,7/17/2021,black,642394.16
"Yeezy Boost 350 V2 (Black, EU 38)",Shoes,230.0,226.0,1285.0,Adidas,8.75,554.0,1/26/2022,black,295550.0
"Bravia X95J (50"", Orange frame)",TVs,1399.0,30.0,651.0,Sony,8.7,145.0,8/2/2025,orange,910749.0
"SoundLink Around-Ear II (Wireless, Orange)",Headphones,229.0,131.0,1350.0,Bose,8.75,621.0,1/12/2022,orange,309150.0
"Future Rider (Blue, EU 42)",Shoes,90.0,395.0,1258.0,Puma,8.5,598.0,3/4/2022,blue,113220.0
"iPhone 6 (1TB, Gray)",Smartphones,499.0,0.0,1191.0,Apple,8.0,741.0,11/9/2024,gray,594309.0
"SoundTrue Ultra (Wired, Orange)",Headphones,129.95,0.0,1331.0,Bose,8.75,606.0,4/6/2020,red,172963.44999999998
Baby Learning Table (Black),Toys,40.0,295.0,991.0,Fisher-Price,9.2,135.0,11/2/2020,black,39640.0
"5 (256GB, Green)",Smartphones,699.0,0.0,777.0,OnePlus,8.5,210.0,7/25/2021,green,543123.0
"iPad Air (2022) (256GB, Red)",Tablets,749.0,0.0,1263.0,Apple,9.3,478.0,10/26/2025,red,945987.0
"Floatride Run (Gray, EU 39)",Shoes,120.0,0.0,1319.0,Reebok,8.25,715.0,5/18/2021,gray,158280.0
Three Posts Reistville Panel Bed (Brown),Furniture,350.0,475.0,846.0,Wayfair,8.2,313.0,1/1/2021,brown,296100.0
"Mate 20 (128GB, Brown)",Smartphones,250.0,403.0,1258.0,Huawei,8.2,710.0,6/29/2024,brown,314500.0
7800 (Purple),Gaming Consoles,49.99,0.0,603.0,Atari,7.5,8.0,12/23/2020,purple,30143.97
Approach S62 (Orange),Watches,499.99,242.0,692.0,Garmin,8.75,724.0,7/25/2020,orange,345993.08
"Galaxy S22 (256GB, Yellow)",Smartphones,849.0,106.0,1447.0,Samsung,8.9,781.0,8/6/2023,yellow,1228503.0
"Bravia X80J (50"", Black frame)",TVs,599.0,44.0,1194.0,Sony,8.5,609.0,6/9/2025,black,715206.0
Rival 710 (Brown),Mice,99.99,429.0,946.0,SteelSeries,8.75,210.0,9/26/2020,brown,94590.54
"Surface Pro 6 (512GB, Red)",Tablets,1200.0,0.0,600.0,Microsoft,8.5,126.0,6/30/2021,red,720000.0
Watch Series 5 (Purple),Watches,399.0,289.0,692.0,Apple,8.5,775.0,12/8/2021,purple,276108.0
"Originals Trefoil Hoodie (Orange, XXL)",Clothing,70.0,117.0,816.0,Adidas,8.65,124.0,1/30/2023,orange,57120.0
"Momentum 3 Wireless (Wireless, Yellow)",Headphones,399.95,296.0,843.0,Sennheiser,8.75,166.0,2/17/2022,yellow,337157.85
"Essentials Hoodie (Brown, L)",Clothing,75.0,493.0,719.0,Adidas,8.5,70.0,5/10/2021,brown,53925.0
"Momentum 3 Wireless (Wired, Purple)",Headphones,349.99,30.0,704.0,Sennheiser,8.7,39.0,7/23/2020,red,246392.96000000002
Gear Fit2 Pro (Red),Watches,149.99,95.0,581.0,Samsung,8.5,508.0,5/2/2020,red,87144.19
"WH-XB900N (Wired, Purple)",Headphones,149.99,411.0,1031.0,Sony,8.3,429.0,7/8/2025,red,154639.69
Wireless Mobile Mouse 1850 (Gray),Mice,14.99,305.0,1432.0,Microsoft,8.5,750.0,12/2/2025,gray,21465.68
"Ignite (Yellow, EU 44)",Shoes,120.0,411.0,799.0,Puma,8.75,78.0,8/7/2021,yellow,95880.0
"Surface Go (512GB, Orange)",Tablets,699.0,0.0,707.0,Microsoft,8.2,233.0,11/10/2023,orange,494193.0
"OLED B1 (75"", Purple frame)",TVs,2299.0,327.0,709.0,LG,8.5,405.0,3/23/2025,purple,1629991.0
"XPS 13 (9370) (512GB, Gray)",Laptops,1200.0,0.0,936.0,Dell,8.5,465.0,7/17/2020,gray,1123200.0
"Yoga Tab 13 (64GB, Gray)",Tablets,679.99,268.0,878.0,Lenovo,8.5,298.0,4/11/2021,gray,597031.22
Panini Duo (White),Kitchen,79.99,0.0,1347.0,Breville,8.5,658.0,1/16/2025,white,107746.53
"Bravia Z9F (50"", Red frame)",TVs,2499.99,0.0,897.0,Sony,9.0,465.0,9/30/2021,red,2242491.03
Daily Collection Kettle (Green),Kitchen,25.99,299.0,1328.0,Philips,8.2,737.0,2/13/2020,green,34514.72
"Spectre x360 15 (64GB, Black)",Laptops,1800.0,0.0,659.0,HP,8.5,272.0,4/19/2023,black,1186200.0
"QN85A Neo QLED (55"", Gray frame)",TVs,1399.99,147.0,1219.0,Samsung,8.75,679.0,7/15/2023,gray,1706587.81
"Bravia X90J (55"", Yellow frame)",TVs,1199.0,320.0,619.0,Sony,8.75,74.0,1/9/2021,yellow,742181.0
Galaxy Fit (Yellow),Watches,79.99,491.0,383.0,Samsung,8.2,187.0,1/20/2022,yellow,30636.17
"iPhone 12 (512GB, Blue)",Smartphones,849.0,167.0,933.0,Apple,8.75,328.0,6/2/2020,blue,792117.0
"ThinkPad X12 Detachable (128GB, Brown)",Tablets,1100.0,6.0,508.0,Lenovo,8.5,20.0,4/19/2021,brown,558800.0
Lynx (Black),Gaming Consoles,199.99,0.0,1808.0,Atari,8.25,560.0,1/27/2025,black,361581.92000000004
"Mi 8 (512GB, Black)",Smartphones,450.0,440.0,993.0,Xiaomi,8.2,454.0,1/11/2024,black,446850.0
"ROG Strix Scar 15 (512GB, Brown)",Laptops,2000.0,320.0,858.0,Asus,8.5,491.0,3/5/2025,brown,1716000.0
"501 Original Jeans (Green, S)",Clothing,69.5,244.0,1303.0,Levi's,8.75,564.0,11/26/2020,green,90558.5
"VivoBook 15 X512 (64GB, White)",Laptops,650.0,11.0,706.0,Asus,8.5,139.0,12/28/2025,white,458900.0
"P40 (512GB, Black)",Smartphones,899.0,373.0,901.0,Huawei,8.5,373.0,12/30/2024,black,809999.0
MX Keys (Black),Keyboards,119.99,0.0,1622.0,Logitech,9.2,758.0,1/8/2021,black,194623.78
"Air Max 270 (Black, EU 39)",Shoes,150.0,452.0,1421.0,Nike,8.75,687.0,4/8/2020,black,213150.0
K65 RGB Mini (Red),Keyboards,109.99,0.0,957.0,Corsair,8.75,241.0,9/2/2020,red,105260.43
Pro Trek PRG-600 (Purple),Watches,350.0,451.0,619.0,Casio,8.45,619.0,7/22/2025,purple,216650.0
"7 Pro (128GB, White)",Smartphones,499.0,477.0,1118.0,OnePlus,8.5,509.0,1/8/2020,white,557882.0
Nomad (Red),Gaming Consoles,200.0,352.0,2160.0,Sega,8.5,689.0,3/5/2024,red,432000.0
"iPad (2017) (1TB, Brown)",Tablets,999.0,421.0,948.0,Apple,8.75,348.0,11/17/2024,brown,947052.0
"7T (64GB, Yellow)",Smartphones,399.0,430.0,1234.0,OnePlus,8.75,550.0,12/15/2025,yellow,492366.0
"Galaxy S10 (64GB, Yellow)",Smartphones,450.0,373.0,814.0,Samsung,8.5,202.0,5/5/2022,yellow,366300.0
Polly Pocket (Green),Toys,15.99,336.0,1244.0,Mattel,8.5,567.0,7/13/2022,green,19891.56
Lark Manor End Table (Red),Furniture,75.0,100.0,1106.0,Wayfair,8.25,537.0,2/26/2020,red,82950.0
City Police Station (60141) (Purple),Toys,99.99,410.0,1363.0,LEGO,8.75,620.0,4/12/2023,purple,136286.37
G613 Wireless (Red),Keyboards,99.99,9.0,1396.0,Logitech,8.6,720.0,12/31/2025,red,139586.03999999998
"MacBook Pro 13 (2022) (1TB, Purple)",Laptops,1899.0,0.0,1321.0,Apple,9.2,718.0,8/30/2022,purple,2508579.0
Galaxy Watch 4 (White),Watches,250.0,46.0,663.0,Samsung,8.75,604.0,12/20/2025,white,165750.0
Lack Coffee Table (Purple),Furniture,40.0,482.0,698.0,IKEA,7.85,200.0,1/12/2020,purple,27920.0
Naga Trinity (Purple),Mice,99.99,309.0,908.0,Razer,8.5,253.0,4/19/2024,purple,90790.92
"501 Shorts (Brown, L)",Clothing,69.5,0.0,1378.0,Levi's,8.75,652.0,3/5/2021,brown,95771.0
"Alienware m15 R3 (128GB, Blue)",Laptops,1800.0,0.0,814.0,Dell,8.75,367.0,8/18/2024,blue,1465200.0
Palladia Armoire (Blue),Furniture,350.0,232.0,755.0,Sauder,8.5,135.0,8/23/2020,blue,264250.0
"11T (1TB, Gray)",Smartphones,699.0,360.0,1151.0,Xiaomi,8.5,566.0,9/13/2023,gray,804549.0
"iPad Air (2022) (128GB, Yellow)",Tablets,599.0,375.0,1303.0,Apple,9.2,513.0,1/8/2025,yellow,780497.0
Monster Jam RC (Yellow),Toys,49.99,488.0,1090.0,Spin Master,8.75,365.0,1/20/2020,yellow,54489.1
Atheris (Gray),Mice,49.99,41.0,1425.0,Razer,8.75,666.0,3/6/2021,gray,71235.75
K63 Wireless (Black),Keyboards,110.0,478.0,898.0,Corsair,8.5,253.0,4/10/2022,black,98780.0
"Classic Leather (White, EU 44)",Shoes,75.0,440.0,1063.0,Reebok,8.5,405.0,12/15/2020,white,79725.0
Watch Series 5 (Gray),Watches,399.0,137.0,378.0,Apple,8.75,78.0,2/23/2022,gray,150822.0
DeathAdder Essential (Green),Mice,29.99,0.0,676.0,Razer,8.5,19.0,4/25/2025,green,20273.239999999998
Pro 10-in-1 (Black),Kitchen,129.99,0.0,1431.0,Instant Pot,9.2,571.0,4/11/2023,black,186015.69
"501 Original Jeans (Green, L)",Clothing,79.5,134.0,1432.0,Levi's,8.7,705.0,8/17/2021,green,113844.0
"Galaxy S21 (512GB, Gray)",Smartphones,999.0,0.0,986.0,Samsung,8.75,385.0,1/6/2021,gray,985014.0
"8-Series Q825 (55"", Green frame)",TVs,999.0,0.0,1151.0,TCL,8.65,589.0,7/3/2022,green,1149849.0
Chaliene Sofa (White),Furniture,799.0,429.0,746.0,Ashley Furniture,8.5,203.0,2/14/2023,white,596054.0
Galaxy Fit (Yellow),Watches,79.99,491.0,383.0,Samsung,8.2,202.0,1/20/2022,yellow,30636.17
"PXC 550 (Wireless, Yellow)",Headphones,299.95,0.0,862.0,Sennheiser,8.75,177.0,5/14/2022,yellow,258556.9
Flashback Portable (Purple),Gaming Consoles,49.99,74.0,1525.0,Atari,7.8,491.0,10/4/2023,purple,76234.75
"ZenBook Pro Duo 15 (256GB, Gray)",Laptops,2000.0,0.0,426.0,Asus,8.5,71.0,1/27/2023,gray,852000.0
Andover Mills Bookcase (Red),Furniture,150.0,437.0,728.0,Wayfair,8.45,97.0,11/24/2025,red,109200.0
Game Boy Advance (Red),Gaming Consoles,80.0,494.0,1786.0,Nintendo,9.0,326.0,1/31/2023,red,142880.0
"XPS 17 (9700) (512GB, Red)",Laptops,2099.0,143.0,1107.0,Dell,8.5,773.0,7/23/2023,red,2323593.0
"992 (Brown, EU 42)",Shoes,185.0,286.0,1597.0,New Balance,9.2,738.0,12/21/2020,brown,295445.0
"MediaPad T5 (1TB, Blue)",Tablets,250.0,282.0,875.0,Huawei,7.8,426.0,7/3/2024,blue,218750.0
"Launch SW 7"" Shorts (Black, XXL)",Clothing,35.0,329.0,1329.0,Under Armour,8.75,589.0,11/14/2024,black,46515.0
Galaxy Watch 3 (Blue),Watches,249.99,393.0,695.0,Samsung,8.5,742.0,8/7/2020,blue,173743.05000000002
"iPhone XR (128GB, Gray)",Smartphones,499.0,0.0,1084.0,Apple,8.75,412.0,12/25/2020,gray,540916.0
Computer Desk (Red),Furniture,150.0,381.0,1109.0,Sauder,8.25,530.0,4/11/2022,red,166350.0
Pax Wardrobe (Orange),Furniture,450.0,0.0,839.0,IKEA,8.5,240.0,3/29/2022,orange,377550.0
Lark Manor End Table (Purple),Furniture,120.0,486.0,1291.0,Wayfair,8.5,620.0,7/15/2024,purple,154920.0
"WF-1000XM3 (Wired, Orange)",Headphones,150.0,271.0,1182.0,Sony,8.75,439.0,10/1/2024,red,177300.0
"990v5 (Blue, EU 39)",Shoes,185.0,192.0,1253.0,New Balance,9.2,402.0,5/15/2023,blue,231805.0
"Galaxy Tab S6 (64GB, Red)",Tablets,350.0,432.0,961.0,Samsung,8.5,355.0,9/18/2024,red,336350.0
Ideas Tree House (21318) (White),Toys,199.99,0.0,1167.0,LEGO,9.25,310.0,6/29/2025,white,233388.33000000002
Master Prep Professional (Yellow),Kitchen,59.99,0.0,947.0,Ninja,8.5,298.0,4/24/2023,yellow,56810.53
Monster Jam RC (Orange),Toys,39.99,0.0,745.0,Spin Master,8.75,21.0,6/17/2025,orange,29792.550000000003
Switch (White),Gaming Consoles,299.99,98.0,1696.0,Nintendo,9.5,162.0,10/7/2022,white,508783.04000000004
Ninjago City (70620) (Black),Toys,299.99,108.0,1628.0,LEGO,9.5,699.0,5/28/2023,black,488383.72000000003
Wireless Mobile Mouse 1850 (Green),Mice,14.99,0.0,1309.0,Microsoft,8.5,619.0,6/27/2024,green,19621.91
Apex M800 (Orange),Keyboards,140.0,0.0,1306.0,SteelSeries,8.75,562.0,12/29/2021,orange,182840.0
"React Infinity Run (Brown, EU 42)",Shoes,160.0,0.0,1096.0,Nike,8.75,354.0,7/5/2022,brown,175360.0
Scrabble (Purple),Toys,19.99,0.0,1145.0,Mattel,8.45,501.0,9/5/2021,purple,22888.55
"Essentials Hoodie (Brown, S)",Clothing,70.0,0.0,1042.0,Adidas,8.75,312.0,4/7/2024,brown,72940.0
Air Fryer AF101 (Black),Kitchen,129.99,26.0,1607.0,Ninja,9.05,769.0,10/24/2025,black,208893.93000000002
"Slim Fit Suit Pants (White, M)",Clothing,49.99,0.0,926.0,H&M,8.2,341.0,8/1/2024,white,46290.740000000005
"Beats Flex (Wireless, Green)",Headphones,69.95,433.0,713.0,Apple,8.25,127.0,8/30/2023,green,49874.35
Battleship (Brown),Toys,19.99,131.0,721.0,Hasbro,8.5,66.0,3/27/2020,brown,14412.789999999999
"iPhone 6S (128GB, Green)",Smartphones,299.0,52.0,893.0,Apple,7.5,528.0,8/12/2020,green,267007.0
"Galaxy Tab A7 (512GB, White)",Tablets,250.0,196.0,1077.0,Samsung,8.5,431.0,10/10/2022,white,269250.0
Aerox 5 Wireless (Red),Mice,139.99,426.0,809.0,SteelSeries,9.0,24.0,7/13/2023,red,113251.91
Wireless Mouse 900 (Black),Mice,25.99,296.0,1282.0,Microsoft,8.45,606.0,4/8/2024,black,33319.18
MX Keys (Brown),Keyboards,119.99,468.0,1215.0,Logitech,9.25,341.0,10/6/2025,brown,145787.85
Gear S3 Frontier (Brown),Watches,299.99,365.0,506.0,Samsung,8.7,328.0,10/16/2025,brown,151794.94
ST (Black),Gaming Consoles,59.99,23.0,1538.0,Atari,7.5,570.0,5/12/2024,black,92264.62000000001
"Legion 5 (512GB, Black)",Laptops,899.0,327.0,668.0,Lenovo,8.5,140.0,2/25/2022,black,600532.0
"Crewneck Sweatshirt (White, XS)",Clothing,19.99,0.0,558.0,H&M,8.15,0.0,9/7/2020,white,11154.419999999998
Soup Maker (Yellow),Kitchen,120.0,0.0,973.0,Philips,8.25,396.0,4/10/2023,yellow,116760.0
"Nano X (Orange, EU 46)",Shoes,130.0,420.0,1356.0,Reebok,8.75,624.0,5/4/2025,orange,176280.0
Duo Crisp + Air Fryer (Black),Kitchen,149.99,334.0,927.0,Instant Pot,8.75,213.0,2/5/2023,black,139040.73
Gear S3 Frontier (Black),Watches,199.99,0.0,424.0,Samsung,8.75,147.0,9/14/2022,black,84795.76000000001
"VivoBook S15 (64GB, Red)",Laptops,750.0,0.0,571.0,Asus,8.5,26.0,6/17/2023,red,428250.0
Greyleigh Coffee Table (Orange),Furniture,150.0,226.0,1039.0,Wayfair,8.25,463.0,4/28/2021,orange,155850.0
Prime Wireless (Black),Mice,139.99,0.0,1507.0,SteelSeries,9.2,636.0,6/15/2025,black,210964.93000000002
"WF-C500 (Wired, Yellow)",Headphones,49.99,135.0,925.0,Sony,8.75,194.0,8/25/2021,red,46240.75
Pro Line Series Blender (Green),Kitchen,499.99,0.0,1378.0,KitchenAid,9.25,570.0,9/22/2020,green,688986.22
"1080v11 (Blue, EU 46)",Shoes,159.99,0.0,1490.0,New Balance,9.2,638.0,1/14/2023,blue,238385.1
Xbox (Brown),Gaming Consoles,499.99,189.0,1790.0,Microsoft,8.75,447.0,12/13/2022,brown,894982.1
32X (Green),Gaming Consoles,60.0,4.0,0.0,Sega,5.5,194.0,5/13/2020,green,0.0
"Bravia X80J (75"", Orange frame)",TVs,1499.0,319.0,1128.0,Sony,8.7,633.0,9/22/2022,orange,1690872.0
Xbox 360 Arcade (Yellow),Gaming Consoles,50.0,131.0,1323.0,Microsoft,7.25,499.0,5/17/2025,yellow,66150.0
Panini Duo (Green),Kitchen,120.0,181.0,738.0,Breville,8.75,22.0,6/10/2024,green,88560.0
"IdeaPad Duet Chromebook (256GB, Red)",Tablets,299.0,155.0,1162.0,Lenovo,8.5,517.0,2/23/2025,red,347438.0
Designer Compact Keyboard (Black),Keyboards,79.99,0.0,774.0,Microsoft,8.5,109.0,2/25/2021,black,61912.259999999995
"Dri-FIT T-Shirt (Purple, XS)",Clothing,25.0,329.0,1351.0,Nike,8.5,666.0,6/28/2022,purple,33775.0
Viva Collection Juicer (Brown),Kitchen,130.0,0.0,989.0,Philips,8.75,274.0,3/29/2025,brown,128570.0
"G5 15 (1TB, Brown)",Laptops,1200.0,7.0,1073.0,Dell,8.4,614.0,6/30/2020,brown,1287600.0
Viper Ultimate (Blue),Mice,149.99,48.0,997.0,Razer,9.25,145.0,1/7/2020,blue,149540.03
"WF-C500 (Wireless, Gray)",Headphones,79.99,131.0,954.0,Sony,8.5,292.0,11/19/2023,gray,76310.45999999999
"55OLED806 (43"", Yellow frame)",TVs,1200.0,140.0,1173.0,Philips,8.75,610.0,5/7/2021,yellow,1407600.0
Wii U (Blue),Gaming Consoles,250.0,0.0,1198.0,Nintendo,8.5,132.0,1/30/2025,blue,299500.0
Baby Learning Table (Green),Toys,49.99,499.0,1488.0,Fisher-Price,8.75,743.0,7/21/2021,green,74385.12000000001
G-Shock GA2100 (Yellow),Watches,99.0,25.0,382.0,Casio,8.4,144.0,12/24/2020,yellow,37818.0
"Latitude 7400 (256GB, Black)",Laptops,1200.0,0.0,772.0,Dell,8.5,295.0,6/11/2021,black,926400.0
Wired Keyboard 600 (Green),Keyboards,25.0,283.0,1154.0,Microsoft,8.5,477.0,4/28/2025,red,28850.0
Flashback 8 (Orange),Gaming Consoles,49.99,0.0,1091.0,Atari,7.5,297.0,12/31/2025,orange,54539.090000000004
"MediaPad M5 (512GB, Green)",Tablets,350.0,354.0,587.0,Huawei,8.0,124.0,4/22/2020,green,205450.0
Magic Trackpad (2021) (Orange),Mice,129.0,492.0,1514.0,Apple,8.75,784.0,8/23/2025,orange,195306.0
DeathStalker V2 (Purple),Keyboards,199.99,0.0,1185.0,Razer,8.7,484.0,4/16/2022,purple,236988.15000000002
Instinct (Brown),Watches,299.99,368.0,698.0,Garmin,8.75,691.0,9/10/2020,brown,209393.02000000002
Galaxy Watch Active (Green),Watches,199.99,228.0,393.0,Samsung,8.5,145.0,4/14/2024,green,78596.07
DeathAdder V2 (Yellow),Mice,69.99,273.0,975.0,Razer,8.75,250.0,1/27/2021,yellow,68240.25
Fenix 6 (Purple),Watches,599.99,36.0,702.0,Garmin,8.75,728.0,11/9/2024,purple,421192.98
"MatePad T10s (64GB, Yellow)",Tablets,180.0,0.0,603.0,Huawei,7.5,258.0,4/21/2024,yellow,108540.0
"Adizero Adios Pro (Yellow, EU 40)",Shoes,220.0,187.0,1306.0,Adidas,8.75,569.0,9/25/2021,yellow,287320.0
"Elite Active 65t (Wireless, White)",Headphones,99.99,15.0,659.0,Jabra,8.5,14.0,9/30/2025,white,65893.41
"Bravia X95J (50"", Brown frame)",TVs,1399.0,444.0,889.0,Sony,8.7,364.0,11/16/2020,brown,1243711.0
Orchard Hills TV Stand (Gray),Furniture,185.0,296.0,951.0,Sauder,7.8,493.0,2/29/2020,gray,175935.0
"Galaxy Tab S7 (1TB, White)",Tablets,900.0,424.0,950.0,Samsung,8.5,422.0,2/27/2020,white,855000.0
Little People School Bus (Red),Toys,19.99,401.0,1393.0,Fisher-Price,9.25,504.0,10/21/2023,red,27846.069999999996
"ZenBook Pro Duo 15 (256GB, Brown)",Laptops,2500.0,0.0,330.0,Asus,8.5,52.0,10/15/2022,brown,825000.0
Huntsman V2 Analog (Brown),Keyboards,199.99,173.0,738.0,Razer,8.5,99.0,10/7/2025,brown,147592.62
"55PUS8804 (75"", Gray frame)",TVs,1200.0,373.0,786.0,Philips,7.8,490.0,12/12/2022,gray,943200.0
"55R635 (75"", Blue frame)",TVs,1299.0,0.0,681.0,TCL,8.75,144.0,6/20/2020,blue,884619.0
"HD 800S (Wired, Black)",Headphones,1599.0,0.0,1249.0,Sennheiser,9.5,536.0,5/23/2023,red,1997151.0
Embody Chair (Red),Furniture,1595.0,0.0,1197.0,Herman Miller,9.25,545.0,11/28/2021,red,1909215.0
"G5 15 (64GB, White)",Laptops,1200.0,290.0,642.0,Dell,8.5,169.0,1/16/2021,white,770400.0
Genesis Mini (Brown),Gaming Consoles,79.99,339.0,2256.0,Sega,8.75,657.0,5/28/2025,brown,180457.44
Digital Media Keyboard 3000 (White),Keyboards,49.99,129.0,963.0,Microsoft,8.25,361.0,3/3/2024,white,48140.37
"Yeezy Boost 350 V2 (Purple, EU 46)",Shoes,250.0,0.0,1216.0,Adidas,8.75,493.0,7/13/2023,purple,304000.0
"QN90A Neo QLED (75"", Purple frame)",TVs,2799.0,0.0,813.0,Samsung,8.75,507.0,12/14/2025,purple,2275587.0
"QN90A Neo QLED (75"", Purple frame)",TVs,2799.0,0.0,813.0,Samsung,8.75,498.0,12/14/2025,purple,2275587.0
Jaguar (Gray),Gaming Consoles,150.0,447.0,1080.0,Atari,7.5,307.0,9/25/2021,gray,162000.0
Porter Panel Bed (Purple),Furniture,450.0,496.0,944.0,Ashley Furniture,8.25,411.0,11/16/2020,purple,424800.0
"Elite 65t (Wireless, Black)",Headphones,119.99,0.0,1006.0,Jabra,8.4,388.0,8/22/2023,black,120709.93999999999
"55PUS8804 (75"", Orange frame)",TVs,1200.0,196.0,892.0,Philips,8.5,413.0,6/11/2021,orange,1070400.0
Smart Oven Air (Gray),Kitchen,399.95,0.0,1112.0,Breville,8.75,450.0,9/8/2023,gray,444744.39999999997
Bjursta Extendable Table (Gray),Furniture,249.0,208.0,1276.0,IKEA,8.3,692.0,10/7/2024,gray,317724.0
Fenix 7 (Blue),Watches,699.99,58.0,736.0,Garmin,9.2,685.0,7/29/2020,blue,515192.64
"Elite 75t (Wireless, Orange)",Headphones,149.99,0.0,713.0,Jabra,8.75,6.0,6/9/2021,orange,106942.87000000001
Kallax Shelving Unit (Yellow),Furniture,89.99,0.0,1053.0,IKEA,8.75,323.0,5/12/2023,yellow,94759.47
"ZBook Firefly 14 (128GB, Black)",Laptops,1250.0,0.0,1178.0,HP,8.2,787.0,4/30/2024,black,1472500.0
5200 (White),Gaming Consoles,200.0,0.0,1573.0,Atari,7.5,607.0,3/15/2025,white,314600.0
"Vanish Woven Pants (Yellow, XL)",Clothing,70.0,217.0,1347.0,Under Armour,8.6,643.0,9/23/2025,yellow,94290.0
"Jersey Dress (Orange, S)",Clothing,29.99,51.0,1010.0,H&M,8.5,348.0,11/1/2025,orange,30289.899999999998
"OLED CX (43"", Brown frame)",TVs,999.0,194.0,1348.0,LG,9.0,676.0,8/30/2020,brown,1346652.0
"MDR-1AM2 (Wireless, Orange)",Headphones,250.0,170.0,1266.0,Sony,8.5,633.0,9/1/2022,orange,316500.0
Watch SE (Yellow),Watches,279.0,182.0,512.0,Apple,8.75,320.0,11/22/2022,yellow,142848.0
"ThinkBook 15 (512GB, Gray)",Laptops,750.0,332.0,993.0,Lenovo,8.5,432.0,6/13/2024,gray,744750.0
Ionic (Orange),Watches,199.95,0.0,410.0,Fitbit,8.5,179.0,10/13/2023,orange,81979.5
Genesis (Orange),Gaming Consoles,60.0,90.0,1464.0,Sega,8.5,251.0,10/27/2021,orange,87840.0
"Redmi Note 10 (128GB, Gray)",Smartphones,220.0,6.0,1213.0,Xiaomi,8.75,487.0,6/23/2022,red,266860.0
Cardinal Games Chess (Blue),Toys,25.99,296.0,883.0,Spin Master,8.75,144.0,7/20/2021,blue,22949.17
"QuietComfort 25 (Wireless, Gray)",Headphones,199.0,0.0,1234.0,Bose,8.75,522.0,5/6/2021,gray,245566.0
Embody Chair (Orange),Furniture,1695.0,130.0,973.0,Herman Miller,9.25,364.0,11/12/2024,orange,1649235.0
"MacBook Pro 13 (2022) (128GB, Red)",Laptops,1299.0,231.0,1266.0,Apple,8.5,784.0,5/12/2025,red,1644534.0
"MacBook Pro 13 (2019) (256GB, Red)",Laptops,1299.0,214.0,1211.0,Apple,8.5,733.0,6/22/2022,red,1573089.0
Chaliene Sofa (Black),Furniture,450.0,349.0,1125.0,Ashley Furniture,8.2,592.0,3/1/2022,black,506250.0
"iPad Pro 11 (2018) (512GB, Orange)",Tablets,999.0,3.0,946.0,Apple,8.5,426.0,6/23/2021,orange,945054.0
G213 Prodigy (Blue),Keyboards,49.99,95.0,1442.0,Logitech,8.4,798.0,11/30/2024,blue,72085.58
Twister (Brown),Toys,19.99,26.0,672.0,Hasbro,8.5,14.0,9/2/2021,brown,13433.279999999999
"Cali (Orange, EU 46)",Shoes,75.0,0.0,606.0,Puma,8.2,38.0,7/16/2021,orange,45450.0
"1080v11 (Green, EU 42)",Shoes,160.0,373.0,824.0,New Balance,8.75,114.0,5/11/2023,green,131840.0
"P40 Pro (64GB, Purple)",Smartphones,599.0,449.0,769.0,Huawei,8.5,191.0,8/6/2024,purple,460631.0
Watch Series 4 (White),Watches,299.0,438.0,400.0,Apple,8.75,111.0,12/16/2021,white,119600.0
Instinct (Orange),Watches,299.99,0.0,516.0,Garmin,8.75,331.0,7/18/2022,orange,154794.84
"Galaxy S7 (256GB, Green)",Smartphones,450.0,0.0,604.0,Samsung,7.85,184.0,2/2/2020,green,271800.0
"10 Pro (256GB, Brown)",Smartphones,699.0,0.0,796.0,OnePlus,8.5,241.0,1/29/2024,brown,556404.0
"AU8000 (43"", White frame)",TVs,349.99,460.0,717.0,Samsung,8.5,107.0,10/29/2024,white,250942.83000000002
Rival 3 (Orange),Mice,29.99,0.0,1499.0,SteelSeries,8.75,759.0,3/26/2025,orange,44955.009999999995
Flashback 8 (White),Gaming Consoles,59.99,127.0,1344.0,Atari,7.5,468.0,7/4/2025,white,80626.56
"Suede Classic (White, EU 46)",Shoes,65.0,0.0,1349.0,Puma,8.5,692.0,7/22/2024,white,87685.0
"AirPods Max (Wireless, Yellow)",Headphones,549.0,333.0,1015.0,Apple,8.75,352.0,9/18/2023,yellow,557235.0
Kallax Shelving Unit (White),Furniture,89.99,78.0,1460.0,IKEA,8.5,781.0,11/23/2021,white,131385.4
"Elite Active 65t (Wired, White)",Headphones,120.0,499.0,1182.0,Jabra,8.75,446.0,10/19/2025,red,141840.0
"Galaxy Tab A8 (512GB, Green)",Tablets,400.0,0.0,927.0,Samsung,7.8,505.0,1/21/2025,green,370800.0
"512 Slim Taper Jeans (White, M)",Clothing,69.5,138.0,917.0,Levi's,8.75,190.0,1/16/2020,white,63731.5
"Pump Omni Lite (Blue, EU 40)",Shoes,150.0,0.0,1339.0,Reebok,8.5,659.0,4/21/2022,blue,200850.0
Alenya Sofa (White),Furniture,450.0,0.0,1262.0,Ashley Furniture,8.25,714.0,10/10/2021,white,567900.0
"Galaxy S7 (128GB, Blue)",Smartphones,150.0,475.0,572.0,Samsung,7.5,222.0,5/5/2025,blue,85800.0
Versa 3 (Purple),Watches,229.95,0.0,354.0,Fitbit,8.5,80.0,4/12/2020,purple,81402.3
"iPad Air (2019) (128GB, Purple)",Tablets,499.0,491.0,1370.0,Apple,8.75,715.0,8/11/2020,purple,683630.0
"Ribcage Straight Ankle (Green, L)",Clothing,98.0,0.0,1514.0,Levi's,8.75,729.0,11/14/2021,green,148372.0
"Surface Pro 8 (64GB, Purple)",Tablets,899.0,126.0,1376.0,Microsoft,8.75,750.0,12/2/2025,purple,1237024.0
Prime Wireless (Black),Mice,139.99,0.0,1507.0,SteelSeries,9.2,664.0,6/15/2025,black,210964.93000000002
"QN90A Neo QLED (75"", Yellow frame)",TVs,3499.0,447.0,581.0,Samsung,8.95,329.0,7/22/2024,yellow,2032919.0
"HD 560S (Wired, Blue)",Headphones,199.95,0.0,1045.0,Sennheiser,9.2,215.0,1/10/2021,red,208947.75
"6-Series R648 (8K) (65"", Green frame)",TVs,2299.0,376.0,318.0,TCL,8.25,82.0,11/8/2025,green,731082.0
"Jersey Dress (White, XXL)",Clothing,19.99,150.0,840.0,H&M,8.25,246.0,5/6/2023,white,16791.6
Jaguar (Orange),Gaming Consoles,50.0,154.0,1098.0,Atari,6.5,571.0,11/8/2022,orange,54900.0
Flashback 8 (Yellow),Gaming Consoles,49.99,441.0,1810.0,Atari,7.85,649.0,10/25/2022,yellow,90481.90000000001
"7 Pro (256GB, Blue)",Smartphones,549.0,318.0,727.0,OnePlus,8.75,73.0,12/14/2021,blue,399123.0
"VivoBook 15 X512 (64GB, Purple)",Laptops,799.0,464.0,1194.0,Asus,8.35,709.0,8/20/2021,purple,954006.0
"MacBook Pro 13 (2020) (64GB, Green)",Laptops,1299.0,308.0,570.0,Apple,8.75,43.0,8/2/2025,green,740430.0
"MacBook Pro 13 (2020) (128GB, Orange)",Laptops,1299.0,205.0,659.0,Apple,8.75,126.0,5/10/2023,orange,856041.0
"Redmi Note 9 (64GB, Purple)",Smartphones,150.0,75.0,1253.0,Xiaomi,8.5,582.0,11/29/2020,red,187950.0
"Galaxy Tab S5e (256GB, Brown)",Tablets,549.0,0.0,1360.0,Samsung,8.5,753.0,7/17/2024,brown,746640.0
"iPhone 11 (64GB, Purple)",Smartphones,399.0,0.0,745.0,Apple,8.75,68.0,7/24/2021,purple,297255.0
"Faux Leather Biker Jacket (Brown, XS)",Clothing,49.99,0.0,1035.0,H&M,8.25,448.0,6/22/2020,brown,51739.65
"Disc Blaze (Blue, EU 44)",Shoes,120.0,406.0,1078.0,Puma,8.25,493.0,12/16/2023,blue,129360.0
"Galaxy Tab S6 (64GB, Green)",Tablets,449.99,357.0,1082.0,Samsung,8.5,464.0,12/20/2025,green,486889.18
"CX 400BT (Wireless, Gray)",Headphones,129.95,0.0,1507.0,Sennheiser,8.75,778.0,7/24/2021,gray,195834.65
"RU7100 (50"", Yellow frame)",TVs,399.0,460.0,1209.0,Samsung,8.5,577.0,1/29/2023,yellow,482391.0
Huntsman V2 Analog (White),Keyboards,199.99,135.0,1260.0,Razer,8.65,561.0,6/6/2025,white,251987.40000000002
Duo Crisp + Air Fryer (Black),Kitchen,149.99,334.0,927.0,Instant Pot,8.75,209.0,2/5/2023,black,139040.73
